3214 5114
145 347 209 408 ¹250
720 363 870 404 bruneam
1299 347 1430 404 Allium.

147 474 273 547 nareis.
291 491 388 557 scopo
405 472 490 539 elato
509 473 659 542 fistuloso
675 475 802 544 interne
823 473 1009 541 verstricoso
1029 473 1101 538 basi
1126 472 1248 555 foliato,
1264 471 1349 539 loliis
1367 473 1436 539 dis·

152 565 247 634 liobis
262 561 451 645 cylindriois
468 561 627 630 listulosis
645 565 748 631 eorrtis
767 582 864 648 scapo
884 561 1105 641 brevioribus,
1124 563 1266 630 umbella
1294 562 1430 643 globoso

152 653 344 736 mullillord‚
368 650 533 735 pediecllis
566 652 648 719 llore
679 655 806 736 hdr-plo
833 652 1047 736 longioribus,
1076 651 1198 734 spathe
1234 653 1339 719 valvis
1372 652 1431 716 213

153 743 301 819 reflexis,
320 740 477 824 perigouii
495 741 561 807 albi
582 743 702 824 phyllis
719 743 906 825 polenlihus
929 740 1190 822 ovato-oblongis
1207 740 1432 818 acutiusculia

149 831 330 898 illamentis
349 829 516 913 perigonio
533 831 736 912 longioribus
754 831 886 898 interae
897 837 928 897 el
941 849 1013 897 cum
1033 831 1201 913 perigouio
1221 829 1290 896 husi
1307 829 1433 896 coelitis

152 927 187 986 et
207 919 348 987 dilatatis
365 919 512 986 externis
540 919 703 986 edentulis
733 919 874 987 internis
896 919 965 986 bosi
991 921 1147 1004 ulrinque
1165 919 1264 985 dente
1285 921 1433 1001 triangu-

155 1010 214 1075 lari
239 1010 357 1076 obtuso
381 1009 485 1074 auctis
520 1017 567 1082 tl.
593 1007 634 1075 lc.
655 1007 703 1076 Fl.
724 1006 828 1076 Graeo.
854 1007 919 1074 tab.
943 1011 1017 1075 826.
1042 1045 1084 1058 -
1113 1007 1213 1074 Rchh.
1245 1007 1289 1077 lo·
1319 1007 1431 1074 Germ.

190 1211 268 1267 Hab.
282 1213 311 1266 in
332 1211 453 1282 regione
468 1217 612 1268 montana
626 1216 653 1268 et
664 1211 766 1340 alpina

152 1286 186 1338 et
198 1281 359 1338 Mesohhod
375 1282 450 1355 lBge
461 1285 490 1354 l),
504 1284 535 1338 in
551 1287 651 1340 monte
674 1284 697 1340 C
722 1284 776 1340 eho

155 1352 227 1410 1033
240 1369 277 1408 ex
290 1353 410 1422 Baker).

778 1227 864 1338 prov.
881 1211 1055 1298 Khorassan
1069 1212 1181 1289 persiae
1194 1211 1271 1268 inter
1285 1211 1435 1284 Niohapur

802 1283 871 1340 Tun
887 1283 1065 1340 Belutsohrae
1089 1287 1288 1356 spontaneum
1315 1282 1434 1352 (Stocks

190 1449 363 1521 specimina
378 1449 559 1520 descriptae
579 1448 681 1521 planta
698 1449 812 1522 ubique
830 1449 910 1505 culta
933 1449 1074 1505 umbellis
1098 1449 1266 1506 minorihus
1291 1449 1435 1506 diametro

147 1520 395 1594 ¹sesqulpollicem
410 1535 463 1576 neo
477 1521 494 1573 t
509 1521 541 1588 ²),
558 1520 683 1592 pollices
697 1520 768 1576 latis
781 1525 894 1576 tantem
910 1520 1052 1576 differunt
1065 1523 1095 1576 et
1113 1525 1222 1592 typum
1234 1526 1434 1593 spontaneum

155 1592 244 1664 hujus
259 1593 369 1664 speciei
381 1592 465 1663 cujus
478 1592 573 1664 patria
586 1591 759 1648 adhucdum
773 1592 874 1664 ignota
887 1595 949 1648 erat
963 1592 1065 1648 sislere
1076 1591 1227 1648 videnlur.

201 1763 653 1834 chamaeleonum
676 1763 728 1848 (L.
751 1761 807 1848 Sp.
825 1764 905 1847 4⁶29)
933 1763 1024 1831 bulbi
1050 1763 1290 1846 ovalo-oblongi
1313 1762 1433 1830 tunicis

156 1853 413 1922 membranaceis
426 1855 575 1938 integris,
596 1871 694 1938 scapo
713 1855 863 1920 fistuloso
882 1852 957 1918 lolia
979 1854 1095 1920 teretia
1111 1853 1432 1920 subulam-fistulosa

156 1949 347 2026 superante,
374 1944 490 2026 spatha
520 1944 768 2010 membranacea
791 1942 913 2008 bivulvi
935 1942 1079 2008 umbella
1100 1941 1265 2023 breviore,
1283 1941 1434 2008 umbellae

155 2033 299 2116 globosae
318 2032 484 2116 pediecllis
502 2033 584 2098 llore
605 2034 658 2098 vix
683 2032 897 2114 longIoribua
916 2031 1073 2113 perigonii
1092 2029 1191 2095 albidi
1210 2031 1260 2096 vel
1279 2029 1434 2098 candes-

149 2123 260 2189 -oeulis
291 2122 411 2206 phyllis
435 2121 778 2203 oblongo-lanceolutis
795 2122 913 2200 aculis,
931 2119 1107 2185 filamenlis
1126 2120 1239 2188 liberis
1265 2119 1434 2204 perigenis

152 2211 349 2293 aquilongis
378 2211 524 2278 externis
552 2211 757 2292 simplicibus
775 2209 939 2276 subulatis
963 2209 1178 2276 interioribus
1204 2209 1272 2277 basi
1298 2209 1435 2275 dilaleld

152 2297 314 2384 utrinque
335 2299 480 2366 breviter
499 2299 698 2366 unidentalis
721 2309 764 2374 tl.
782 2298 884 2366 Rchh.
906 2298 946 2364 lo.
963 2296 1069 2366 Germ.
1092 2299 1186 2364 1076.

192 2413 219 2468 A
232 2411 356 2466 Linneeo
371 2415 400 2466 el
412 2412 563 2467 velarihus
576 2411 608 2466 in
627 2409 787 2477 palestina,
806 2409 892 2481 Syria
913 2414 942 2466 et
961 2411 1033 2466 Asia
1057 2412 1169 2467 minore
1196 2409 1358 2466 indicatum
1381 2408 1435 2464 sed

157 2483 316 2554 hueusque
330 2483 442 2538 cultum
457 2482 555 2538 solum
579 2485 683 2538 nolum
705 2486 733 2537 et
779 2481 955 2538 robahiliter
978 2481 1102 2538 ditionis
1125 2485 1234 2538 nostroe
1259 2495 1319 2537 non
1346 2481 1434 2538 civis,

157 2553 274 2626 Ubique
288 2553 394 2609 colitur
410 2553 462 2610 sed
474 2554 624 2610 rarissime
639 2553 732 2610 lloret.
745 2587 755 2608 a
768 2553 852 2609 terile
867 2557 983 2610 tautum
996 2553 1066 2609 vidi.

200 2717 253 2782 48.
271 2715 318 2785 Α.
331 2713 711 2802 Schaenoprasum
723 2715 772 2796 (L.
789 2715 846 2800 Sp,
858 2715 937 2802 lar)
956 2715 1066 2782 bulbis
1079 2715 1260 2799 aggregatis
1277 2715 1433 2798 oblongo-

150 2805 346 2888 oylindriois
370 2807 490 2872 tunicis
506 2807 763 2874 membranaceis
782 2807 911 2888 griseis,
927 2806 1034 2888 scapis
1051 2805 1213 2871 teretibus
1231 2805 1328 2871 lerna
1342 2809 1435 2888 parte

157 2895 314 2963 inleriore
331 2895 467 2966 foliosis.
490 2895 574 2960 loliis
593 2896 876 2977 gloucescentibus
896 2895 1054 2961 fistulosis
1071 2893 1231 2960 teretibus
1250 2894 1302 2958 vel
1323 2893 1436 2959 lereti-

152 2986 356 3068 oompressis
382 2984 519 3051 acutulis
546 3003 681 3067 scapum
714 2985 922 3068 aequantibus
951 2985 1001 3049 vel
1034 2983 1256 3061 brevioribus,
1288 2981 1435 3049 umbella

156 3073 293 3157 globoso
310 3073 425 3156 spatha
451 3072 611 3139 l-d-valri
627 3077 723 3140 ovalo
744 3072 912 3156 pediecllis
932 3072 1077 3155 longiore
1101 3071 1246 3148 suffulta,
1265 3070 1436 3156 pediecllis

158 3163 241 3229 flore
258 3162 480 3244 brevioribus,
499 3163 658 3244 perigonii
674 3162 795 3245 phyllis
814 3163 919 3229 roseis
936 3161 1047 3228 carina
1063 3160 1261 3226 saturatione
1277 3161 1437 3225 lanceola-

159 3253 202 3317 lis
220 3253 609 3330 attenuato-acuminata,
628 3251 805 3317 filamentis
826 3251 992 3336 perigonio
1010 3251 1110 3332 duplo
1133 3249 1343 3316 brevioribus
1362 3265 1435 3314 curn

154 3357 195 3408 eo
222 3346 254 3408 et
273 3342 362 3408 inter
384 3358 420 3407 se
436 3341 511 3424 plus
530 3341 680 3408 minusue
703 3347 852 3406 connatis
870 3339 1060 3406 lanceolulis
1084 3338 1436 3406 subulato-atlenuatis

164 3437 213 3504 ll.
231 3429 331 3497 Rchh.
351 3431 392 3496 lo.
411 3427 521 3493 Germ.
540 3429 634 3496 1085.
657 3465 700 3476 -
716 3429 763 3494 Fl.
780 3429 862 3496 Dan.
885 3429 950 3495 tuh.
973 3430 1049 3494 971.
1065 3462 1110 3476 -
1134 3428 1171 3492 A.
1199 3427 1379 3494 stanuum
1394 3425 1433 3492 L.

36 3523 39 3530 '
158 3517 256 3586 Mant.
276 3520 349 3585 562.
366 3553 406 3564 -
423 3516 524 3582 Rohb.
543 3517 595 3600 fig.
616 3519 699 3584 1186
716 3525 749 3585 el
780 3519 816 3583 A.
830 3515 995 3598 foliosum
1011 3515 1142 3583 Glarion
1159 3517 1278 3602 (lorum
1299 3517 1434 3600 majorl.

195 3629 271 3684 Hah.
285 3631 317 3684 in
330 3629 509 3701 graminosis
522 3627 788 3756 humidifflinis,
804 3644 891 3685 mons
904 3627 1021 3700 Velugo
1037 3627 1155 3684 AEtoliae
1177 3627 1256 3684 6000'
1272 3627 1387 3699 (Sprun
1407 3630 1436 3696 l),

156 3700 271 3758 Pontus
284 3700 407 3756 Lazicus
420 3715 510 3772 supra
522 3699 627 3771 Djimil
716 3701 721 3721 '
742 3699 848 3772 (Ball),
864 3700 1006 3755 Armema
1020 3699 1145 3756 Turoiea
1157 3698 1196 3754 ad
1208 3698 1305 3755 fontes
1326 3699 1436 3754 Araxis

159 3775 189 3826 el
207 3772 239 3826 in
256 3778 356 3827 monte
371 3771 560 3843 Bingoldagh
575 3772 727 3897 (Τοὴίὴῑέ,
744 3771 895 3828 Caucasus
909 3769 1104 3826 occidentalis
1124 3771 1161 3839 (C
1193 3773 1227 3826 A.
1243 3769 1307 3842 Μ.),
1322 3771 1438 3825 montes

159 3843 263 3898 iberiae
275 3847 305 3898 et
324 3843 425 3899 Guriae
440 3843 532 3910 (Szov
544 3845 575 3914 l),
589 3858 675 3898 mons
724 3842 806 3898 lbrus
821 3841 929 3897 Persice
946 3841 1078 3898 borealis
1098 3857 1190 3914 prope
1210 3841 1351 3898 Derbend
1367 3839 1439 3911 (Ky.

155 3913 211 3969 427
221 3916 252 3986 l),
267 3913 298 3969 in
316 3914 415 3969 Tauro
432 3913 554 3970 Cilioico
568 3929 659 3986 prope
673 3913 807 3984 Bulgbar
822 3911 948 3969 Maaden
963 3913 1033 3983 (Bal
1043 3916 1072 3983 l).

203 4011 468 4094 llBrrhseonum.
489 4049 530 4060 -
547 4011 726 4078 Filomeuta
743 4011 814 4077 basi
845 4010 960 4076 latiora
987 4009 1314 4092 ovalo-triangularis
1336 4008 1438 4076 altius

152 4106 297 4167 cannula
313 4108 345 4169 el
364 4101 537 4184 abruptius
553 4101 733 4184 cuspidata.
753 4136 795 4149 -
814 4099 852 4166 Α.
872 4097 1088 4165 Buhsoonum
1104 4101 1205 4183 Regel
1231 4099 1316 4164 llon.
1335 4116 1365 4181 p.
1385 4099 1439 4164 81.

160 4213 509 4357 Bffibidgvrironlibus
528 4213 665 4271 Ssabond
687 4219 717 4271 et
739 4213 848 4270 Elbrus
875 4228 966 4287 propo
990 4212 1156 4270 Kuscbkak
1177 4213 1287 4270 Persice
1310 4209 1459 4268 borealis'

196 4379 312 4464 Omnia·
327 4383 491 4464 specimina
515 4381 647 4464 ¹Cilicicis
678 4381 785 4463 'nmilia
794 4381 925 4453 exceptis
938 4383 976 4438 ad
988 4381 1115 4438 formam
1128 4380 1291 4464 elatiorem¹
1305 4379 1438 4464 alpinam

155 4452 220 4508 ‚sub
233 4467 352 4508 nomine
370 4454 408 4509 A.
419 4453 518 4524 foliosa
534 4453 583 4510 vel
596 4454 633 4508 A.
671 4450 874 4509 rhrnmnotam
889 4453 942 4510 sed
956 4451 1175 4510 characterlbus
1192 4467 1253 4508 non
1272 4449 1395 4524 liquidas
1420 4465 1440 4506 a

172 4527 257 4580 orma
270 4524 349 4579 cuna
360 4524 528 4582 distinctam
541 4529 684 4598 spectant.
