3142 5102
75 291 255 368 qmodoeco.
620 303 774 347 cornuam
1302 284 1339 341 Ἀ

75 417 186 476 munds
198 413 295 469 incola
310 429 327 468 a
361 427 397 467 ue
419 411 500 468 toliis
514 412 699 485 longioribus
713 419 743 472 et
756 413 964 486 gracilioribus
979 411 1011 468 in
1026 411 1103 467 sicco
1117 409 1337 482 nigricantibus

75 489 241 568 iambusque
255 485 325 555 plus
358 499 378 566 ¹¹.
401 485 431 538 lo
445 485 610 556 majoribus
626 485 757 556 diversa)
771 486 849 542 foliis
861 484 1003 541 teretibus
1016 481 1245 555 junctiormibus
1266 483 1338 536 insi-

77 560 139 630 gnis
149 557 291 614 Rhizoma
303 499 410 637 gracrfe
422 554 556 625 rubrum,
562 557 674 628 vagina
682 557 746 613 edi
755 558 873 614 cautim.
885 555 975 626 longa
985 568 1113 624 superne
1121 551 1170 609 3-4
1180 567 1252 608 mm.
1260 551 1336 633 lata,

79 627 238 687 bminass-tt
247 631 366 682 centum.
374 625 488 697 longai
503 623 1336 698 ¹s2·1u1m.crassa‚anthera2rum,fructus3mmlongr¹

106 727 145 782 tr.
159 724 258 793 deogr.
282 721 419 777 Oceanus
443 719 561 777 Indicus
585 725 614 778 et
639 723 784 780 Pacificas
811 722 849 778 ad
873 737 940 779 oras
964 721 1093 793 tropicas
1113 719 1229 790 Africae,
1246 718 1337 788 Asiae,

75 795 215 853 bubaliae
228 797 257 848 et
268 791 440 848 insularum
452 787 661 867 adjacentium,
675 795 852 866 Polynesiae.

112 929 192 1000 sur.
226 929 286 997 ΙΙΙ.
323 929 524 994 Anrmaours
554 929 702 1016 (Agardb
735 929 790 1014 Sp.
830 928 903 1011 Alg.
936 927 963 1004 Ι,
1007 947 1040 1012 p.
1078 927 1143 990 tit
1173 921 1336 1004 Algarum

234 1019 362 1102 genus!
385 1054 423 1064 —
445 1017 543 1083 Ascb.
556 1023 589 1083 et
607 1018 740 1101 itagaus
757 1018 833 1086 Sita.
856 1015 928 1084 Ber.
946 1013 1093 1094 Natio,
1112 1013 1223 1080 Berlin
1243 1013 1337 1090 turc,

236 1129 268 1191 p.
289 1111 344 1183 at,
365 1108 419 1186 89,
447 1105 544 1181 (Sect.
561 1105 790 1191 cameracae).
811 1105 967 1172 Rhizenia
987 1123 1060 1171 cum
1090 1104 1192 1168 ramis
1219 1103 1337 1167 crectis

233 1197 398 1281 elongatis
448 1212 534 1279 saepe
582 1197 702 1262 iterum
751 1197 891 1262 ramosis
946 1193 1066 1259 durum
1108 1192 1335 1274 sublignosum

232 1288 333 1352 etiam
363 1286 397 1350 iu
425 1287 510 1351 sicco
538 1289 638 1363 teres,
666 1285 828 1352 fasciculis
859 1281 1112 1350 tibrovasalibus
1135 1278 1337 1348 neutralibus

231 1376 385 1453 vaginae
399 1374 512 1440 multis
529 1375 720 1441 cellularum
740 1375 814 1439 libri
827 1374 932 1439 instar
951 1371 1210 1437 incrassatorum
1224 1368 1337 1434 stratis

235 1467 380 1530 formata
405 1463 613 1530 circumdatis
642 1463 739 1548 (coni.
772 1464 812 1528 ci.
852 1461 984 1542 Magnus
1017 1461 1036 1524 l.
1065 1460 1139 1534 cit).
1172 1458 1335 1523 Foliorum

235 1555 359 1619 lamina
387 1551 482 1634 plana
510 1553 572 1617 late
601 1552 733 1618 linearis
760 1551 912 1619 ductibus
929 1548 1077 1615 atriferis
1094 1547 1263 1614 destituta.
1285 1545 1338 1610 ln·
1460 1533 1463 1544 ’

233 1641 446 1710 ilorescentia
464 1640 712 1723 Pdpccgrostis.

111 1787 136 1849 5.
149 1785 186 1852 G.
196 1785 358 1852 einata
373 1783 504 1860 t'Forslr,
518 1783 564 1848 ill.
579 1783 634 1866 lig.
649 1783 747 1850 drab.
761 1803 791 1867 p.
805 1784 863 1849 157
879 1783 942 1849 sub
960 1777 1107 1864 Zostcrd)
1123 1781 1224 1846 ramis
1241 1798 1333 1846 erec·

17 1855 19 1920 Ι
71 1874 109 1940 tis
122 1875 172 1958 (cx
190 1874 309 1940 Forsk.
328 1871 510 1961 viridibus)
527 1893 567 1938 ex
585 1874 778 1939 internodiis
799 1872 984 1938 numerosis
1004 1871 1161 1937 brevibus
1187 1876 1338 1936 exstruc-

73 1965 117 2042 tis,
134 1963 279 2031 loliorum
297 1961 507 2030 cicatricibus
526 1964 665 2029 arrnulos
683 1962 811 2029 clausos
835 1960 1064 2035 formantibus,
1094 1959 1222 2041 vaginis
1242 1957 1338 2024 obco-

75 2052 142 2117 nicis
157 2059 284 2119 tantum
308 2051 436 2134 a-a-pto
451 2052 654 2134 longioribus
671 2071 768 2136 quam
785 2051 869 2122 latis,
886 2048 1044 2116 auriculis
1062 2047 1201 2130 exiguis,
1218 2047 1335 2112 lamina

72 2143 259 2209 titi-nervi
281 2142 376 2224 apice
393 2143 722 2225 emarginatorctusd
747 2156 892 2223 superne
909 2137 1064 2204 dentibus
1090 2137 1335 2204 scariosomar·

17 2241 19 2288 t
69 2230 173 2311 ginatis
201 2228 475 2312 (Flosscacsoedaa
508 2227 624 2312 llagn.)
653 2234 769 2310 argute
803 2229 979 2304 serrulatd,
1007 2225 1214 2306 stigmatibus
1245 2225 1336 2307 apice

17 2289 22 2394 l
74 2325 181 2385 untrrm
202 2319 363 2384 exsertis.
399 2317 512 2384 Florcs
544 2319 680 2383 masculi
716 2323 749 2384 et
785 2319 914 2383 tructus
947 2315 1053 2380 adbuc
1087 2314 1189 2394 ignoti
1218 2323 1260 2388 tt.
1300 2313 1333 2378 d.

71 2407 169 2471 cilinio
195 2407 298 2473 Ehrb.
324 2405 499 2471 Thalassio
514 2405 626 2470 cilicie
650 2407 732 2471 Kdn.
753 2408 803 2472 icc
822 2408 874 2472 cit.
895 2423 924 2487 p.
945 2407 998 2470 97.
1028 2437 1066 2452 -ν
1097 2401 1335 2482 Pduccprostia
1408 2481 1410 2488 Ι

17 2521 19 2550 r
72 2494 169 2560 riticio
192 2497 296 2562 Ehrb.
316 2502 350 2561 et
365 2495 500 2578 Hempr.
518 2495 630 2578 Symb.
649 2496 749 2578 Phys
768 2493 1076 2560 bot.tab.l'1incd.

17 2625 18 2628 ¹
101 2606 168 2662 Hab.
187 2610 218 2662 in
238 2607 320 2663 mari
337 2606 441 2662 Rubro
457 2605 495 2660 ad
508 2605 582 2662 Suez
595 2605 737 2678 (Sohimp.
752 2605 842 2675 9611),
856 2604 917 2659 Tor
936 2602 1045 2672 (Ebrbl
1058 2602 1154 2658 Bovet
1169 2601 1292 2659 Leidvra
1304 2605 1335 2672 t).

17 2687 21 2760 r

17 2799 19 2844 i

75 2675 172 2734 lambo
186 2679 335 2748 (Belial),
347 2677 464 2749 Djedda
474 2680 569 2746 (Botta
579 2680 610 2748 t).
630 2676 676 2732 Ex
689 2679 723 2733 ol.
736 2677 833 2732 Forsk
846 2675 971 2730 Arabice
985 2673 1122 2730 Korodar
1133 2673 1225 2746 audit.

102 2773 197 2830 Planta
210 2775 427 2831 robustissima
440 2775 530 2830 ramis
541 2775 628 2846 quasi
638 2774 765 2845 lignosis
777 2773 911 2845 insignis,
922 2771 1062 2842 vaglnae2
1075 2771 1230 2838 ¹lrcentim.
1241 2770 1338 2842 longua

72 2843 104 2898 ed
121 2845 134 2899 l
154 2848 273 2902 centim.
299 2846 378 2910 lutae,
403 2845 516 2900 lamina
542 2847 609 2901 uit
622 2850 696 2901 cent.
711 2846 801 2916 longa
820 2844 887 2901 7-10
899 2859 970 2898 mm.
985 2843 1055 2898 leta.
1068 2842 1115 2897 Ab
1128 2841 1184 2897 bac
1196 2841 1294 2897 differt
1310 2842 1338 2898 C.
1457 2899 1464 2912 ,

73 2917 234 2974 Autorctr'ca
264 2917 390 2986 (Lahill.
409 2917 467 2971 sub
489 2913 626 2988 Ruppici)
659 2933 672 2971 s
696 2917 769 2972 ecies
802 2915 961 2972 Australiae
994 2914 1209 2985 extratropicae‚
1237 2915 1339 2983 planta

74 2987 153 3041 multo
182 2990 282 3044 minor
304 2990 334 3044 et
359 2989 496 3058 gracilior
523 2933 698 3043 internodiss
736 2986 930 3058 longioribus,
957 2985 1036 3040 foliis
1061 2985 1120 3039 lete
1147 2983 1339 3039 semilunato-

72 3059 249 3128 emarginatis
268 3064 412 3115 caeterum
429 3059 636 3129 integerrimis.
650 3059 743 3114 Cu'us
757 3059 865 3129 speciei
887 3057 986 3129 proles
1006 3056 1155 3127 juveniles
1168 3059 1236 3126 post
1252 3056 1339 3110 inno-

73 3129 207 3185 vationem
219 3130 312 3186 valde
327 3129 513 3200 singularem
533 3130 583 3198 (ci.
598 3130 634 3185 cl.
649 3130 682 3185 Ο.
724 3145 815 3201 epper
829 3129 933 3184 Trans.
948 3127 1016 3196 Ray
1036 3127 1102 3182 Soc.
1117 3126 1223 3181 South.
1238 3126 1339 3181 Austr.

73 3199 131 3254 1881
144 3207 170 3255 et
182 3202 354 3257 Ascberson
367 3199 525 3272 Sitzungsh
550 3200 615 3256 Bot.
631 3201 746 3256 Vereiu.
764 3197 1018 3256 Brandenb.1882
1035 3213 1062 3268 p.
1079 3197 1128 3266 28)
1145 3199 1262 3268 astirpe
1278 3212 1340 3251 ma-

75 3271 134 3326 triae
145 3271 249 3328 solutae
263 3275 378 3328 statum
388 3273 498 3327 sistunt
510 3287 529 3326 a
538 3271 572 3326 ct.
582 3272 705 3344 Agerdh
718 3287 772 3343 pro
782 3286 861 3326 novo
871 3269 1015 3340 Algarum
1027 3283 1133 3339 genere
1146 3268 1340 3341 propositum.

102 3363 144 3418 tr.
157 3365 257 3434 Gaegr.
266 3365 405 3420 Oceanus
418 3365 536 3422 Indicus
547 3368 576 3421 et
588 3365 732 3421 Pacificus
744 3365 822 3421 inter
835 3369 908 3437 trop.
923 3363 962 3421 ad
971 3378 1038 3419 oras
1051 3363 1157 3418 Airicae
1170 3366 1198 3418 et
1212 3363 1339 3418 insular.

76 3433 166 3506 edjau,
178 3437 350 3493 Australiae.

17 3579 18 3614 ¹
74 3568 258 3647 ttttttttttt
270 3571 379 3667 (liudi.
395 3570 471 3646 uer.
489 3569 629 3666 pratu.
650 3609 695 3624 -
708 3571 963 3666 Diplontderc
977 3570 1036 3645 Du
1052 3571 1149 3645 Petit
1164 3569 1340 3644 Thouers
1405 3638 1410 3646 .

280 3671 375 3744 Gen.
395 3667 490 3742 Nor.
509 3667 660 3764 Madag.
682 3691 717 3764 p.
738 3669 761 3742 3
781 3687 825 3742 n0
845 3672 879 3754 7,
899 3692 969 3744 nec
996 3670 1040 3743 R.
1061 3670 1120 3742 Br.

112 3829 218 3900 Omnia
248 3831 457 3916 Cymodocea
488 3831 544 3898 sed
575 3833 787 3899 antirerarum
819 3833 926 3898 alteru
957 3832 1055 3900 altius
1085 3838 1214 3899 exserta
1254 3833 1344 3913 apice

76 3920 175 3986 eidem
192 3923 399 4007 longitudine
424 3922 560 3987 alteram
577 3939 750 4004 superaus.
771 3919 925 4005 Carpidia
945 3922 1095 4005 stigmate
1113 3921 1242 4002 singulo
1270 3923 1345 4005 (nec

78 4005 164 4095 binis)
182 4017 349 4096 superata.
366 4007 514 4092 Garpelia
529 4015 656 4076 matura
672 4010 996 4077 subrutundo-oralia
1012 4029 1129 4094 parum
1143 4026 1345 4094 compressa.

79 4093 200 4166 Habitus
222 4099 469 4182 Pbgcogrostis.
489 4098 643 4164 Rbimma
660 4099 780 4181 gracile
798 4098 855 4164 sed
874 4099 1006 4166 firmum
1027 4099 1179 4166 loliorum
1198 4098 1343 4180 delapso-

80 4201 142 4251 sum
157 4187 363 4256 cicatricibus
381 4187 577 4271 prominutis
594 4191 797 4254 annulatum.
823 4187 955 4271 Vaginae
978 4187 1165 4274 cylindricae
1194 4186 1345 4253 distincte

82 4271 288 4344 bituricuiatae
307 4284 341 4344 et
361 4277 515 4360 liguiatae.
534 4275 667 4341 Lamina
687 4282 825 4357 anguste
840 4275 975 4344 linearis
990 4278 1083 4361 apice
1097 4275 1252 4343 dentibus
1269 4274 1347 4340 duo·

83 4359 134 4428 bus
151 4366 341 4433 lateralibus
359 4365 479 4439 acutis,
506 4365 662 4432 trinerris
685 4383 788 4432 nervo
823 4366 930 4432 medio
959 4365 1215 4449 lateralibusque
1243 4363 1341 4440 binis,

81 4455 179 4520 aenis
203 4456 412 4524 secundariis
441 4453 511 4538 (qui
532 4456 565 4519 in
583 4453 821 4537 Pdpcugrostia
839 4460 871 4519 et
891 4453 1031 4521 Zoataroe
1052 4454 1225 4539 speciebus
1252 4469 1348 4520 cons·
