3218 5124
159 341 217 402 682
720 362 892 410 suanam
1264 349 1438 410 Nardunaa.

199 481 256 538 ope
271 467 351 523 Oran
374 468 485 536 (Boiss.
498 474 527 526 et
547 470 641 528 Reutl
655 471 717 528 Bal.
737 487 800 528 exs.
822 472 907 542 atala)
925 471 965 528 ad
984 472 1190 544 lldostagauem
1202 472 1280 542 (Bal.
1300 472 1388 544 3621),
1404 474 1445 536 ad

183 538 291 596 urium
308 539 405 594 Masta
417 539 586 612 (Cessent),
601 543 639 598 ad
653 543 787 600 Masaara
801 544 928 615 (Durleu
939 547 970 612 l).

195 635 244 692 Ar.
260 635 362 706 daupu.
381 637 482 693 Atrius
493 637 632 694 borealis

315 868 520 944 lldlllllllltlS
541 867 649 964 (llrll.
675 873 708 944 lu
730 871 853 946 (loiron
881 871 925 946 n.
956 872 1042 946 tarr.
1068 871 1124 958 ΙΙΙ,
1150 894 1181 968 p.
1211 871 1302 963 187).

206 1068 346 1152 Spioniae
366 1069 565 1136 subsessiles
580 1071 631 1134 vel
643 1070 810 1154 pedioellis
828 1071 1038 1139 brevissimis
1056 1072 1178 1138 crassis
1198 1073 1363 1154 aequitalis
1376 1075 1447 1139 sul·

162 1157 252 1226 solam
284 1161 317 1224 iu
355 1158 496 1223 racbldis
532 1160 800 1243 excavationlbus
832 1162 990 1226 solitariae
1020 1168 1053 1226 et
1083 1162 1219 1228 alternae
1244 1179 1447 1244 compressae

163 1249 268 1317 altera
288 1247 368 1313 lucie
389 1248 462 1311 axin
485 1254 672 1330 spectantes
690 1250 873 1331 pluritlorue
891 1249 1304 1332 flosculisdlvargemlbus,
1320 1253 1449 1334 saepius

161 1338 254 1422 apiae
282 1334 490 1403 sublatlores.
519 1337 646 1402 Glnmae
676 1338 763 1405 binae
792 1340 936 1420 mortales
972 1341 1022 1404 vel
1054 1340 1243 1422 ipaequales.
1277 1337 1446 1408 Glumella

161 1442 302 1492 concava
321 1443 384 1490 non
406 1427 550 1493 earinata
567 1427 742 1494 lanceolata
766 1428 885 1492 rnutioa
907 1429 958 1492 vel
983 1429 1127 1494 aristata.
1155 1428 1253 1494 Palea
1277 1429 1445 1496 bidentala

160 1514 341 1583 hioarinala
361 1515 399 1577 ad
421 1517 549 1580 aerinas
576 1516 735 1582 scabrida.
754 1514 942 1598 Squarnulae
970 1517 1053 1582 binae
1076 1519 1285 1599 iuaeuualiter
1313 1518 1445 1587 bllobua.

162 1603 307 1672 Stamina
320 1605 392 1672 tria.
407 1603 490 1686 Styli
506 1607 525 1668 t
539 1604 658 1670 breves
676 1605 884 1686 stigmatibus
902 1607 1062 1690 plamosis
1072 1605 1285 1689 simplicibus.
1299 1605 1449 1690 Caryop-

156 1693 208 1778 sis
229 1696 368 1775 oblonga
387 1693 504 1760 obtusa
520 1695 634 1776 glabra
653 1701 770 1760 ventre
783 1713 922 1760 eouoava
938 1695 1101 1777 glumellis
1118 1695 1291 1763 adhaerens
1316 1698 1446 1764 mauult

160 1781 257 1850 hilari
275 1783 423 1849 breviter
440 1783 567 1848 lineari.
589 1819 626 1827 —
645 1781 764 1850 Herhae
782 1801 900 1850 arrnuae
917 1784 1053 1867 spiculis
1070 1785 1101 1849 io
1121 1785 1242 1867 spicam
1260 1785 1445 1868 simplicem

159 1891 237 1938 raro
268 1890 428 1936 ramosam
462 1872 644 1954 dispositis.
668 1909 709 1919 -
737 1871 849 1940 Genus
875 1874 962 1940 inter
996 1872 1141 1954 Vulpiam
1168 1880 1202 1937 et
1226 1873 1446 1953 Catapodiarn

159 1958 408 2031 intermedium,
429 1981 445 2026 a
464 1962 575 2042 priore
595 1962 732 2044 spiculis
760 1963 791 2026 in
817 1962 951 2028 raobeos
971 1961 1126 2028 incisuris
1157 1962 1409 2040 subsessilihus
1426 1983 1448 2028 a

159 2053 345 2203 posteriore
366 2049 412 2116 eis
428 2049 469 2116 ab
486 2051 642 2118 tloseulos
659 2049 868 2133 divergenles
888 2052 979 2134 apice
996 2051 1168 2118 latioribus
1189 2069 1247 2117 neo
1263 2053 1448 2118 attenuatis

184 2139 364 2206 istinetum.

206 2337 234 2399 l.
270 2333 319 2398 N.
353 2331 626 2399 tanuiitorus
657 2331 809 2417 (Schrad.
843 2333 955 2399 Germ.
989 2331 1014 2410 1,
1048 2352 1078 2414 p.
1105 2333 1169 2398 845
1196 2333 1259 2399 sub
1289 2333 1447 2418 Fastuad)

158 2441 301 2500 annuus,
321 2421 437 2489 rutulis
455 2422 642 2486 numerosis
659 2421 841 2487 humilibus
862 2420 1028 2504 tenuibus,
1047 2421 1134 2486 toliis
1158 2421 1316 2488 brevibus
1338 2425 1447 2489 tenni-

158 2510 223 2578 bus
244 2511 467 2578 subtlexuosis
484 2509 681 2589 convolutis,
700 2510 789 2593 spica
809 2511 948 2594 sirbpliei
967 2511 1083 2577 lineari
1103 2514 1213 2575 ereolat
1236 2513 1286 2577 vel
1307 2513 1443 2580 incurva

159 2602 299 2671 disticha
327 2601 376 2666 vel
410 2599 594 2664 unitaterali
621 2601 707 2679 laad,
730 2599 867 2680 spiculis
894 2600 1063 2683 pedicellis
1089 2599 1298 2666 brevissimis
1318 2604 1446 2668 crassis

158 2691 329 2774 adpressis
350 2689 496 2756 suffultis
514 2686 694 2766 stt-floris,
711 2688 831 2771 glumis
855 2689 1034 2756 linearibus
1061 2690 1256 2755 acuminatis
1286 2690 1444 2756 carinatis

156 2779 316 2848 interiore
335 2778 488 2844 breuiore
503 2777 658 2845 uninervi
675 2777 849 2860 superiore
868 2778 1008 2844 trinervi
1025 2778 1173 2843 flosculis
1193 2777 1354 2854 breviore,
1371 2781 1446 2860 glu-

157 2871 255 2936 mella
275 2867 586 2936 lanceolata-lineari
603 2867 794 2932 obrutissimi
811 2867 841 2931 in
865 2885 1054 2932 rrrrroronem
1078 2865 1213 2931 brevem
1240 2867 1289 2931 rel
1308 2867 1340 2931 in
1359 2869 1444 2934 aris-

157 2965 223 3026 tam
242 2961 384 3024 abeunte
404 2963 454 3036 Θ.
474 2955 514 3022 N.
533 2954 733 3036 tenuisloras
750 2954 855 3022 Boiss.
876 2955 956 3040 Voy.
975 2957 1055 3038 usp.
1074 2991 1120 3003 -
1154 2955 1315 3021 Triticum
1330 2956 1445 3020 turrita-

157 3047 258 3114 terule
278 3048 313 3112 L.
334 3045 429 3110 blant.
451 3045 476 3121 l,
500 3065 520 3128 p
553 3047 594 3110 35
615 3044 736 3128 (torma
765 3044 995 3130 unilaleralis).
1021 3081 1060 3092 -
1092 3045 1125 3111 Τ.
1147 3045 1284 3109 Nordas
1308 3043 1365 3109 De.
1397 3045 1442 3111 Fi.

156 3133 210 3204 ur.
228 3171 269 3182 —
291 3138 324 3202 T.
341 3133 495 3199 tramitum
512 3133 584 3198 Vir.

193 3250 274 3306 Hah.
287 3251 318 3304 in
334 3249 470 3304 arenosis
485 3252 514 3304 et
525 3247 704 3320 graminosis
719 3246 812 3310 sisois,
827 3247 969 3304 Anatolio
982 3247 1088 3318 (Auoh.
1106 3247 1214 3318 astat),
1232 3246 1324 3318 Lycia
1348 3258 1445 3320 prope

157 3317 276 3378 Elmalu
289 3322 384 3390 (Bour
409 3323 440 3390 l),
453 3319 567 3374 Pontus
583 3319 622 3374 ad
636 3320 746 3375 Belum
766 3317 872 3388 (Ball),
885 3317 996 3374 Tauria
1010 3317 1096 3386 (Stev
1105 3322 1136 3390 l),
1154 3318 1242 3388 Syria
1261 3319 1298 3373 ad
1325 3319 1444 3390 Aleppo

157 3389 326 3534 (Hmffikg
340 3394 369 3446 et
382 3337 563 3446 {amaseam
582 3390 713 3462 (Gailll),
735 3389 885 3446 desertum
902 3389 940 3444 ad
963 3389 1137 3462 Palmyram
1163 3389 1250 3462 (ΒΗ),
1271 3390 1444 3461 Mesopota-

156 3477 217 3520 mia
275 3480 332 3534 y.

191 3562 240 3616 Ar.
256 3563 312 3617 (leo
333 3575 358 3614 r.
373 3558 539 3620 Lusitania,
556 3555 713 3627 Hispania,
734 3555 835 3611 Gallia
853 3555 1045 3611 occidentalis
1068 3558 1098 3611 et
1123 3555 1274 3628 australis,
1298 3555 1443 3616 Helvetia

157 3575 416 3701 australisfitelia,
435 3629 565 3685 litterale
579 3628 781 3698 arastriaoum,
794 3627 921 3693 Oroatia,
931 3626 1034 3685 Atrion
1047 3627 1185 3686 borealis.

202 3823 233 3885 i.
252 3821 301 3886 N.
321 3820 668 3891 Persicus-(Boiss.
698 3824 731 3885 et
758 3818 869 3885 Bubse
888 3818 983 3884 Aula.
1004 3840 1034 3902 p.
1054 3819 1133 3896 tib)
1153 3839 1296 3898 annuus,
1322 3823 1443 3890 culmis

156 3911 290 3993 pumilis
309 3910 504 3993 geniculatis
523 3910 651 3985 erectis,
667 3908 753 3974 loliis
770 3913 909 3988 auguste
927 3909 1108 3974 linearibus
1127 3909 1260 3976 demam
1281 3913 1442 3978 convolu-

155 3997 199 4066 tis
217 3999 388 4076 ttexuosis,
407 4000 555 4082 supremi
577 3998 695 4080 vagina
714 3997 812 4080 spieae
829 3997 921 4062 basin
942 3997 1183 4078 innotuerunte,
1200 3999 1289 4081 splot
1317 3999 1444 4066 laxins-

155 4089 230 4154 euld
249 4090 341 4156 brevi
361 4088 511 4161 uisitata,
530 4087 668 4171 spiculis
687 4087 844 4168 pedioello
866 4085 1064 4153 brevissimo
1085 4104 1196 4154 orasse
1214 4088 1443 4158 insidentibus

156 4174 325 4244 8·5-tloris
366 4178 456 4251 laxis,
479 4177 605 4259 glurnis¹
635 4173 799 4242 subulalis
827 4173 983 4242 interiore
1021 4175 1120 4258 triplo
1154 4177 1306 4242 breviore
1344 4183 1443 4245 acula

155 4266 328 4347 superiore
345 4267 569 4332 obtusiusaald
585 4265 799 4332 flosculorum
810 4265 941 4330 tertiam
959 4269 1086 4346 partem
1101 4273 1265 4346 aequaute‚
1282 4267 1444 4347 glumellt

94 4435 96 4439 v
156 4347 336 4421 lanceolalat
356 4355 454 4420 dorso
471 4356 616 4421 convexa
641 4353 791 4420 scabridd
814 4354 846 4417 in
867 4353 1001 4420 aristam
1027 4355 1124 4434 longe
1145 4357 1443 4432 attenualbaristd

154 4434 367 4510 flosculorum
390 4444 584 4510 interiorum
602 4441 695 4508 brevi
715 4443 926 4524 superiorum
947 4443 1102 4524 glamslls
1121 4443 1195 4526 ipst
1215 4443 1363 4526 longiore
1388 4451 1442 4524 Θ.

189 4551 266 4608 Hah.
278 4553 309 4607 in
322 4553 426 4608 Parsia
438 4553 575 4609 orientali
591 4553 630 4609 ad
643 4552 768 4623 Buueeu
783 4553 859 4614 inter
871 4551 1028 4624 Djeudaok
1041 4556 1072 4610 el
1085 4551 1165 4609 Yazd
1179 4552 1294 4622 (Buhse
1309 4555 1332 4625 ),

1579 4533 1581 4606 l
