3242 5124
149 393 365 470 Nepbrodinm.
725 410 840 452 sumes

359 693 613 771 dueuuobldll
640 693 745 790 (ulcu.
767 695 1091 790 -Polpsliclaum
1109 695 1255 786 Rothl.

195 910 268 978 Seri
292 911 495 979 orbiculares
522 911 635 978 seriali
660 913 712 980 vel
731 911 853 995 sparsi.
872 912 1044 979 Indnsinm
1062 912 1218 995 superius
1236 912 1429 980 orbiculari-

150 1001 330 1068 renilorme
348 1011 469 1088 punctu
488 1001 625 1068 centrali
649 1007 682 1066 ct
707 1001 800 1067 radio
825 1001 1012 1085 plieaeiormi
1031 1002 1177 1068 slfixum.
1201 1003 1345 1070 Petiolns
1364 1003 1430 1069 rhi-

151 1090 269 1157 zomali
289 1090 476 1158 continuus.

200 1281 605 1368 1.N.‘rh01ypterls
632 1283 684 1367 (la.
704 1283 802 1350 Mant.
832 1285 895 1350 tos
925 1285 987 1352 sub
1018 1283 1227 1371 Poppedio),
1252 1286 1430 1354 rltizomate

150 1373 243 1439 tenui
264 1379 410 1457 repente,
435 1372 607 1439 frondibus
634 1374 769 1439 remotis
797 1373 890 1441 elatis
910 1376 1003 1456 longe
1023 1375 1186 1457 petiolatis
1206 1375 1430 1459 eglandnlosis

152 1461 279 1529 ambitu
297 1461 640 1544 oblongo-lanceolatis
655 1463 892 1545 pinnatisectis
916 1463 1028 1548 pinnis
1045 1464 1205 1548 elongatis
1226 1465 1430 1550 pinnatipar-

151 1551 221 1617 tilis
237 1551 369 1617 racbide
386 1552 486 1624 nudd,
506 1551 588 1616 lobis
606 1550 674 1617 basi
694 1551 937 1620 confluentibus
954 1552 1120 1619 frondium
1141 1555 1303 1622 sterilium
1315 1555 1430 1621 oblon-

151 1641 200 1722 gis
229 1642 335 1707 acutis
363 1641 501 1721 integris
533 1641 585 1705 vel
628 1641 861 1724 subrependis,
891 1642 1050 1708 lertilium
1090 1644 1237 1726 margine
1268 1643 1429 1710 revolutis

149 1729 422 1812 triangularibus.
438 1729 524 1796 soris
544 1730 574 1794 in
594 1729 667 1796 lobo
684 1730 895 1796 biserialibus
910 1732 1043 1800 tandem
1063 1733 1309 1800 confluentibus
1336 1729 1429 1803 Μ.

154 1817 359 1904 Tbelpptarts
371 1819 471 1887 Desv.
493 1853 535 1868 -
552 1820 595 1886 lc.
613 1819 660 1885 ΡΙ.
677 1819 761 1884 Dan.
781 1822 855 1890 760.
1305 1841 1307 1845 ·

151 1929 268 2059 nagab.
280 1933 315 2059 Iip
331 1932 461 2072 turJfosis
476 1934 509 1988 iu
526 1933 637 1989 ditione
650 1948 760 2003 rarum,
775 1949 858 2008 prov.
872 1933 1122 1991 Transoaucasioa
1142 1934 1305 2006 Karabagh
1329 1934 1431 2004 (Kole-

231 2019 266 2058 ex
310 2020 395 2076 upr..

186 2103 234 2156 Δι’.
246 2103 348 2171 (ieeur,
365 2101 484 2172 Europa
504 2101 563 2156 lere
579 2103 639 2156 tota
654 2115 672 2154 a
690 2101 891 2156 Soandinavis
904 2102 1052 2158 etRossiat
1066 2101 1103 2157 ad
1117 2101 1312 2172 Lusitaniam,
1324 2101 1430 2172 Hispa·

154 2172 236 2227 niam
255 2172 551 2297 ‘cantualemuuspue
578 2170 790 2254 Turkestania‚
812 2173 931 2256 Sibiris,
956 2175 1056 2230 Africa
1076 2173 1216 2244 borealis,
1240 2174 1270 2229 P.
1297 2173 1330 2228 B.
1353 2173 1431 2245 Spei,

153 2242 291 2315 deponis,
305 2259 387 2314 regio
398 2241 488 2298 Hrma
501 2259 573 2313 arca,
588 2247 724 2299 Amerrca
735 2243 876 2300 borealis.

188 2339 257 2398 Oba.
280 2337 657 2412 Neplzrodr'umfrnprans.
669 2371 704 2382 -
723 2341 882 2415 Aspidium
902 2345 1052 2415 frapruns
1078 2343 1137 2398 Sw.
1163 2343 1277 2414 species
1306 2341 1432 2398 Sibirion

152 2411 298 2468 schedula
314 2416 437 2468 erronee
447 2413 480 2466 in
494 2413 628 2468 Caucaso
641 2428 676 2468 ex
693 2413 775 2470 berb.
792 2412 922 2470 Vindob.
941 2413 1107 2470 indicatum
1120 2415 1246 2470 videtur.

199 2605 228 2669 t.
246 2603 295 2670 N.
313 2603 573 2690 Oreopteris
590 2605 702 2688 (Ebrh.
722 2605 836 2690 Grypt.
855 2605 949 2672 Noua
967 2605 1030 2672 sub
1045 2604 1240 2691 Polppocb'o)
1253 2605 1432 2671 rbiaomate

152 2713 264 2762 crasso
278 2693 423 2778 obliquo,
439 2693 612 2760 frondibus
635 2696 754 2776 peliolo
774 2694 865 2760 brevi
884 2698 1034 2779 paleaceo
1054 2693 1201 2760 suffultis
1223 2695 1345 2761 ambitu
1363 2694 1432 2758 lan-

154 2782 476 2864 ceolam-oblongisa
495 2783 601 2848 medio
619 2784 774 2850 deorsum
793 2783 1060 2852 decrescentibus
1082 2785 1155 2849 laele
1174 2783 1334 2850 viridibus
1354 2782 1431 2850 sub-

155 2878 210 2939 tus
228 2872 603 2954 glanduloso-pnnctatis
625 2873 862 2956 pinnatiseclis‚
884 2874 994 2957 pinnis
1022 2873 1211 2939 lanceolalis
1236 2873 1431 2940 acuminatis

153 2963 187 3028 in
205 2963 322 3044 pinnas
340 2962 404 3026 late
421 2961 626 3027 confluentes
645 2962 800 3044 oblongas
817 2963 952 3030 obtusas
967 2963 1113 3044 integras
1132 2962 1182 3026 vel
1203 2961 1432 3045 subrependae

153 3050 412 3133 pinnatipartitis
433 3051 557 3115 infimis
593 3052 705 3134 paruis
736 3051 894 3118 brevibus
922 3052 1192 3133 triangularibus.
1213 3052 1300 3117 soris
1336 3067 1432 3116 secus

153 3140 319 3221 margines
349 3139 583 3206 subrevolutos
613 3140 763 3207 loboruur
785 3141 917 3206 seriatis
946 3159 1034 3224 saepe
1052 3140 1362 3209 suliconlluentibus
1386 3149 1431 3214 tl.

154 3227 383 3310 Polystlclacm
396 3231 590 3294 rnontonum
609 3227 704 3296 Rotb.
723 3268 763 3278 -
781 3228 860 3310 Aap.
879 3233 1074 3296 montonem
1094 3231 1188 3312 Vogl.

189 3340 266 3398 Hab.
277 3342 307 3396 in
322 3340 478 3411 sylvatiois
498 3342 530 3395 in
544 3341 656 3398 ditione
670 3345 703 3396 ut
717 3341 836 3397 videtur
848 3357 960 3412 rarum,
979 3342 1095 3398 Pontus
1122 3341 1246 3398 Lanieus
1266 3343 1299 3398 in
1322 3341 1431 3414 pinetis

152 3411 191 3468 ad
208 3414 319 3468 ostium
333 3412 391 3467 rivi
406 3411 446 3467 Ol
457 3411 525 3480 (Bal
536 3414 566 3476 !l·

188 3509 297 3564 Didert
309 3524 327 3563 a
340 3507 376 3563 N.
392 3506 467 3564 Folia
485 3525 553 3565 mas
571 3509 803 3580 glandulositate
818 3510 936 3582 paginae
949 3508 1107 3580 inferioris,
1121 3507 1256 3581 pinnulis
1272 3508 1406 3578 integris.

188 3607 235 3662 Ar.
251 3607 349 3676 ileopr.
364 3607 486 3678 Europa
498 3606 629 3662 borealis
640 3609 669 3661 et
681 3607 781 3662 medis
795 3607 979 3663 aBrltannia
994 3611 1023 3662 et
1037 3607 1148 3664 Gothis
1159 3606 1197 3662 ad
1210 3606 1387 3677 Hispaniam
1405 3607 1434 3660 ct

153 3677 272 3735 Italiam
286 3677 431 3744 boreales,
445 3679 596 3750 regionem
610 3677 1063 3750 Danubislen1‚Rossiamedia,
1077 3678 1206 3734 Medera.

199 3855 228 3919 3.
248 3853 296 3921 N.
315 3854 431 3921 Filix
448 3870 549 3922 mas
569 3853 620 3936 (L.
634 3855 691 3938 Sp.
714 3857 793 3922 leel
816 3857 879 3922 sub
898 3854 1095 3938 Polypodto)
1116 3855 1296 3921 rhinomale
1320 3871 1433 3921 crasso

154 3943 299 4028 oblique,
324 3944 497 4011 frondibus
526 3943 621 4010 elatis
649 3963 746 4012 secus
775 3946 930 4028 petiolum
958 3946 1092 4012 brevem
1113 3953 1145 4011 et
1163 3961 1251 4027 saepe
1268 3944 1432 4010 racbidem

156 4035 231 4116 plus
252 4034 361 4099 minus
382 4034 498 4100 crebre
511 4033 805 4116 paleaceisambilu
821 4033 1130 4118 ellipticoaoblongis
1144 4054 1161 4100 a
1175 4033 1281 4099 medio
1297 4051 1433 4100 sursum

154 4128 188 4188 et
217 4123 375 4190 deorsum
407 4122 591 4205 angustalis
610 4123 730 4191 subtus
753 4142 817 4190 non
846 4123 1049 4206 glandulosis
1067 4121 1305 4206 pinnatisectis‚
1323 4121 1433 4206 pinnis

156 4213 344 4280 lanceolatis
373 4211 572 4278 acuminatis
607 4213 768 4294 prolnnde
799 4213 1066 4296 pinnatipartilis‚
1096 4211 1243 4294 pinnulis
1278 4209 1431 4291 oblongis

155 4299 285 4368 obtusis
314 4301 364 4366 vel
393 4301 622 4367 sublruncatis
652 4304 719 4367 tom
745 4300 814 4368 basi
840 4301 1084 4368 confluentibus
1102 4300 1195 4384 apice
1219 4299 1361 4367 crenalie
1380 4297 1435 4366 vel

155 4389 298 4456 dentatis
317 4389 492 4456 denticulis
512 4390 766 4457 ascendentibus
786 4391 891 4458 acutis
911 4389 1053 4464 muticis,
1067 4391 1152 4456 soris
1165 4389 1277 4474 paucis
1294 4389 1326 4456 in
1341 4391 1435 4472 perte

158 4477 306 4545 interiori
339 4479 552 4562 pinnularum
585 4478 749 4546 biseriatis
776 4477 1125 4561 meretricabitur
1150 4495 1221 4544 naas
1239 4477 1304 4545 Su.
1329 4513 1372 4528 -
1390 4476 1431 4543 Io.

156 4565 252 4634 Schk.
274 4567 388 4652 Grypt.
407 4568 472 4635 lab.
486 4569 539 4638 lt.
