3192 5102
81 357 249 416 cotoneum.
610 376 827 420 concarcaosas
1305 367 1362 426 163

78 479 218 606 Khalonit
235 479 384 552 (Schimp.
402 478 504 562 subC.
518 480 777 554 alpinnetHcldr.
790 481 893 556 37541)
916 497 952 541 ex
975 481 1066 542 Akoli
1092 485 1120 541 et
1141 489 1242 543 monte
1263 486 1361 546 AEnos

98 567 132 607 uc
146 566 266 624 quoque
278 557 415 623 spectare
436 551 585 609 videntur.

109 648 195 706 Folia
208 655 267 706 tres
284 647 382 705 lineas
403 649 517 705 circiter
546 649 608 708 lata
631 651 782 708 interdum
808 651 983 724 angustiore
1001 651 1121 708 demum
1148 655 1209 710 tres
1231 655 1356 726 pollices

76 721 174 791 longa,
203 719 351 793 perigonii
375 719 467 776 tubus
496 721 545 776 24
569 721 700 794 pollices,
722 723 841 779 laciniae
867 724 915 779 1-1
939 725 972 794 Ἰ,
1004 722 1161 795 pollicares
1177 726 1361 796 plusminus

75 794 218 862 angustae.
236 791 313 848 Cum
329 807 343 846 s
366 790 543 848 eciminihus
556 808 592 848 ex
608 793 696 850 istria
710 799 739 850 et
758 794 909 850 Dalmatio
926 794 1069 866 congruit.
1085 793 1359 868 GNeapolitanum

76 863 147 920 Ten.
161 863 278 936 species
303 879 322 918 a
358 863 406 918 nis
427 868 565 919 caeterum
584 864 663 920 foliis
687 865 844 922 latioribus
869 871 898 922 et
922 866 1017 922 marito
1044 865 1233 936 longioribus
1249 869 1359 926 differt.

76 933 103 991 C.
118 937 300 992 arenarium
316 935 364 990 W.
380 933 415 988 Κ.
439 948 499 990 nou
525 934 611 992 Koch
632 936 707 994 facie
730 951 852 1010 quoque
878 941 979 994 nostro
1002 935 1090 993 altine
1109 938 1195 1008 stylis
1221 940 1308 1008 rectis
1326 947 1356 998 et

73 1007 212 1078 stigmate
226 1007 357 1078 capitato
371 1005 573 1077 distinguitur.

105 1105 154 1160 Ar.
168 1105 274 1173 omar.
288 1102 384 1173 istria,
396 1101 557 1158 Dalmatia

115 1272 166 1337 19.
192 1268 235 1340 (t
254 1268 506 1337 Parlatoris
539 1269 654 1352 (Orpb.
686 1267 756 1336 Atti
786 1269 848 1336 Fir.
881 1269 1229 1355 iactaturum
1259 1275 1357 1358 parvi

68 1361 153 1428 orati
183 1359 304 1426 tunicis
328 1358 430 1424 luscis
457 1357 612 1425 coriaceis
636 1359 670 1424 in
695 1360 815 1426 collum
841 1359 1022 1445 productis,
1052 1377 1140 1428 nunc
1168 1363 1354 1444 synanthiis

9 1516 16 1525 ,
67 1467 154 1517 nnnc
170 1447 473 1530 snbbysteraulhiis
492 1447 610 1513 erectis
623 1447 780 1515 flexuosis
795 1449 1028 1531 angustissime
1039 1448 1219 1518 linearibus
1232 1452 1356 1534 grami-

68 1539 140 1606 ncis
157 1555 304 1621 superne
323 1537 459 1604 sulcatis
478 1535 596 1603 subtus
613 1537 767 1604 carinatis
784 1538 993 1615 acuminatis,
1013 1538 1154 1605 floribus
1171 1541 1224 1604 bl
1238 1542 1351 1624 parvis

68 1629 173 1694 roseis
192 1626 273 1694 tubo
291 1626 390 1693 limbo
412 1625 540 1708 t·3·plo
558 1625 714 1708 longiore,
742 1626 867 1694 laciniis
891 1626 1043 1710 ellipticis
1062 1627 1190 1696 obtusis
1209 1627 1351 1712 longitu-

8 1759 16 1810 ,
68 1717 223 1784 dinaliter
241 1717 378 1794 striatiS,
396 1714 591 1782 staminibus
605 1713 703 1782 limbo
715 1715 849 1784 dimidio
861 1715 1239 1795 brevioribus,antheris
1256 1719 1357 1787 flavis

8 1810 16 1830 ‘¹
68 1805 263 1883 linearibus,
296 1805 393 1888 stylis
419 1803 558 1871 stamina
586 1805 824 1887 superantibus
859 1805 959 1873 rectis
992 1806 1142 1888 stigmate
1169 1807 1264 1874 brevi
1296 1809 1352 1874 vix

67 1897 249 1962 incrassato
277 1902 326 1967 lt.

98 2005 178 2062 Hab.
189 2005 223 2061 in
239 2008 341 2061 monte
355 2003 489 2075 Taygeto
503 2003 702 2077 Peloponnesi
717 2003 812 2076 (Orph
822 2003 854 2076 l).
867 2003 911 2060 Fl.
925 2003 990 2062 Oct.

13 2096 17 2125 ²
98 2103 221 2160 Foliat
256 2101 358 2158 ollioes
371 2101 463 2172 longa
475 2102 618 2159 internel
642 2103 674 2167 ΙΙ.
693 2102 790 2159 lineas
814 2105 931 2159 tantum
944 2102 1015 2174 lata,
1028 2103 1175 2176 perigonii
1191 2106 1283 2162 tubus
1296 2105 1345 2162 2-3

10 2176 18 2255 ζ
66 2174 226 2247 polliceris,
235 2119 356 2229 faoiniae
371 2173 561 2229 12-151ineas
578 2172 675 2246 longas
690 2173 740 2256 st
753 2173 849 2229 lineas
863 2173 942 2231 latae.
955 2173 1057 2230 Cormi
1069 2176 1188 2258 vaginae
1203 2192 1274 2249 sepe
1290 2181 1349 2234 tres

11 2260 16 2269 ·
65 2245 186 2318 pollices
200 2261 294 2318 supra
306 2244 417 2300 collum
431 2245 538 2315 longae.
551 2243 670 2316 Species
681 2243 762 2302 foliis
778 2246 998 2318 angustissimis
1011 2245 1138 2319 insigms
1148 2263 1258 2304 nexum
1274 2250 1354 2306 inter

64 2315 239 2394 Symaethia
253 2320 284 2372 et
293 2313 512 2387 Hysterantlaia
526 2315 669 2390 praebens.

414 2536 417 2542 ·
541 2503 549 2522 ¹
569 2499 579 2520 “
597 2499 683 2558 Folia
699 2499 872 2572 synanthia.

105 2668 160 2733 20.
187 2663 229 2733 C.
248 2662 515 2732 fasciculare
531 2659 582 2748 (L.
604 2662 661 2746 sp.
692 2664 757 2729 436
777 2663 841 2730 sub
866 2662 1056 2748 ngoaida)
1083 2665 1184 2732 cormi
1219 2667 1350 2752 oblongi

63 2755 182 2824 tunicis
212 2770 309 2821 secus
334 2751 483 2836 spatham
499 2751 633 2818 brevem
651 2751 799 2818 breviter
817 2751 998 2836 productis,
1018 2753 1103 2820 toliis
1123 2755 1180 2820 5·l
1194 2759 1355 2839 expansis

62 2843 254 2912 lanceolatis
273 2843 398 2908 sensim
416 2841 594 2908 attenuatis
611 2841 716 2908 acutis
740 2841 964 2910 canaliculatis
990 2843 1137 2925 margine
1157 2843 1275 2913 cilialis
1295 2848 1351 2914 vel

62 2930 355 3018 nuptiatoribus
374 2931 561 2997 numerosis
579 2929 787 3014 fasciculatis,
805 2932 885 2998 tubo
906 2930 1009 2998 limbo
1029 2931 1102 2999 albo
1122 2931 1351 3016 Pla-ploton-

61 3025 159 3108 giore‚
179 3021 308 3087 laciniis
325 3019 554 3086 ouo-nerana
573 3024 712 3101 anguste
732 3019 1082 3104 eilipticolanceolatis
1096 3021 1253 3108 utrinque
1265 3031 1347 3092 atla·

63 3113 171 3179 anatis
189 3109 297 3177 acutis
313 3109 443 3175 interne
469 3108 559 3176 intus
579 3107 709 3175 laminis
728 3109 816 3176 binis
842 3109 979 3175 remotis
998 3111 1167 3194 parallelis
1184 3113 1294 3181 rarius
1313 3115 1350 3181 in

60 3201 189 3270 dentem
210 3197 641 3280 triangulari-lanceolatum
663 3197 861 3264 abeuntibus
881 3197 1009 3281 obsitis,
1033 3199 1230 3267 staminibus
1248 3201 1345 3270 dimi·

61 3290 148 3356 dium
167 3287 379 3375 perigenium
400 3286 619 3371 aquantibus,
646 3287 823 3354 filamentis
843 3287 972 3353 inferne
998 3288 1190 3356 incrassatis
1209 3291 1348 3359 antbert

60 3379 267 3447 lassescente
297 3376 437 3460 oblongi
468 3375 567 3460 triplo
596 3374 808 3458 longioribus,
841 3376 937 3459 stylis
963 3377 1064 3444 rectis
1084 3378 1239 3445 antheras
1265 3382 1346 3447 sub·

10 3450 16 3557 ξ
60 3466 299 3554 superantibus
319 3465 469 3546 stigmate
486 3464 694 3548 punctilormi
716 3470 758 3536 tt.
779 3464 901 3531 Russoi
919 3465 1047 3549 Aleppo
1063 3465 1109 3551 pl.
1124 3469 1157 3532 9.
1174 3503 1216 3512 -
1235 3468 1347 3535 Mono-

7 3562 16 3627 t
59 3553 416 3642 carpnmjaaetmtara
430 3553 523 3621 Rim.
542 3559 575 3620 et
593 3553 666 3620 Sch.
683 3553 771 3638 Syst.
788 3552 862 3622 VII.
879 3573 910 3638 p.
927 3555 1012 3622 1935
1025 3553 1145 3641 (forma
1160 3562 1347 3626 monstrosa

59 3647 199 3732 carpello
224 3650 258 3711 et
275 3643 360 3726 stylo
388 3643 516 3724 unicis.)

89 3759 167 3814 Hah.
182 3758 261 3814 circa
275 3757 426 3882 Alepffium
441 3753 535 3826 Syriae
548 3754 580 3809 in
597 3753 676 3826 agris
688 3755 717 3809 et
735 3752 862 3810 collibus
885 3753 1027 3811 calcaneis
1052 3754 1171 3812 abunde
1197 3755 1342 3825 (Haussb

57 3843 113 3886 ans.
132 3829 229 3886 sasai
241 3826 331 3895 9301).
384 3867 391 3882 .
406 3825 493 3882 Febr.
508 3828 577 3898 post
594 3823 628 3882 C.
647 3823 905 3899 maalaphyllum.

12 3974 17 3985 .
86 3925 174 3982 Folia
188 3923 260 3980 6-10
274 3921 370 3978 lineas
382 3922 444 3977 lata
457 3921 578 3977 demum
595 3919 803 4006 semipedalia,
816 3920 964 4004 perigonii
978 3919 1094 4004 laciniae
1111 3922 1172 4005 tere
1186 3920 1343 3994 pollicares

59 4003 114 4052 tres
128 3997 230 4053 lineas
242 3993 343 4064 longae
367 4007 484 4064 semper
497 3995 599 4049 acutae.
613 3992 712 4064 Hujus
727 4007 835 4064 speclea
854 3992 950 4047 forma
973 3992 1135 4064 singularis
1163 3993 1292 4064 carpello
1315 3997 1344 4048 et

57 4068 132 4138 stylo
146 4068 245 4123 unicis
257 4036 408 4121 interdum
419 4065 554 4134 occurrit,
569 4063 636 4119 talis
650 4063 682 4118 in
699 4064 781 4119 icone
794 4063 884 4118 citata
898 4062 1057 4120 exhibetur
1075 4068 1103 4120 et
1116 4077 1183 4120 eam
1200 4065 1230 4119 in
1246 4067 1342 4136 speci-

8 4199 9 4204 ,
57 4139 186 4195 minibus
198 4135 404 4193 Russellianis
416 4136 451 4191 cl.
465 4134 500 4190 R.
515 4135 626 4192 Brown
646 4133 826 4204 observavit,
841 4135 876 4190 ol.
891 4134 1060 4190 Ascherson
1081 4135 1158 4190 inter
1178 4135 1344 4207 specimina

7 4237 14 4251 ·
57 4207 338 4266 liaussknecbtiana
349 4208 436 4279 plura
449 4205 619 4277 monostyla
633 4209 662 4262 et
675 4206 796 4262 unicum
814 4205 960 4276 distylum
974 4219 1095 4279 quoque
1121 4205 1208 4278 uidit,
1241 4207 1341 4262 omnia

60 4279 189 4338 herbarii
202 4280 262 4337 mei
277 4281 379 4334 antem
396 4277 524 4350 tristyla.

98 4445 150 4510 at.
166 4443 209 4515 (t.
233 4438 406 4510 thchli
433 4438 490 4524 (R.
512 4437 571 4505 Br.
591 4438 626 4504 in
652 4438 740 4522 App.
761 4403 806 4504 ati
823 4439 919 4505 Denh
944 4442 975 4507 et
994 4435 1107 4525 otapp.
1130 4439 1211 4525 att)
1228 4457 1343 4508 corma

7 4589 9 4644 t
59 4531 191 4620 oblongo
211 4531 338 4602 tunicis
355 4529 512 4598 coriaceis
532 4528 634 4597 luscis
653 4546 756 4614 supra
772 4529 892 4597 collum
914 4528 1084 4616 productis
1101 4529 1233 4612 vestito,
1252 4531 1341 4598 sotiis
