3242 5124
185 345 330 420 Eplaedra
738 359 909 402 amaracum
1416 345 1487 402 715·

231 475 261 538 t.
281 473 323 540 Ε.
344 468 673 557 campylopoda
691 469 741 557 (G.
759 473 797 538 Α.
816 472 899 555 Mey.
919 470 1000 546 uon.
1024 488 1055 552 p.
1079 469 1130 550 ts,
1148 470 1213 536 tab.
1245 472 1280 546 tl
1310 471 1467 538 fruticosa

185 561 413 631 ramosissima
456 560 560 636 ramis
605 560 766 644 elongatis
806 561 955 628 distortis
998 559 1236 626 scandentibus
1271 561 1397 630 strialis
1436 567 1469 627 et

184 651 359 734 asperulis,
378 649 513 715 ramulis
535 650 739 716 verticillalis
756 668 845 735 saepe
863 647 1052 733 petentibus
1069 648 1121 714 vel
1138 649 1307 732 retrorsis,
1324 651 1465 727 amentis

181 739 337 808 masculis
354 739 459 804 oratis
479 739 661 821 aggregatis
678 739 862 820 sessilibus,
882 737 1030 804 aetheris
1047 738 1289 804 5-6sessilibus
1312 737 1467 805 columna

183 831 280 912 longe
310 829 444 894 exserta
480 828 637 900 suffultis.
671 829 812 896 amentis
845 827 996 894 femineis
1023 827 1211 911 pedunculo
1252 828 1375 894 rellexo
1411 831 1464 892 rel

182 935 325 986 recurvo
356 916 404 982 eis
439 918 623 1000 aequilongo
662 919 711 984 vel
753 919 898 999 longiore
930 915 1078 984 srrliullis
1124 915 1263 998 bibaris,
1301 917 1466 982 involucri

187 1005 315 1089 vaginis
355 1005 411 1070 aa
441 1005 563 1087 glabris
599 1006 813 1073 inferioribus
851 1005 1011 1073 brevibus
1042 1005 1203 1071 truncatis
1241 1006 1467 1088 cupulilornri-

184 1095 247 1162 hus
276 1094 433 1163 interiore
459 1095 559 1160 mullo
595 1095 716 1178 maiore
741 1096 849 1162 biloba
872 1096 1009 1162 nuculas
1033 1100 1195 1178 aeqrrante.
1224 1095 1341 1161 tubillo
1366 1094 1464 1160 brevi

185 1189 273 1251 recto
288 1195 317 1259 5.
338 1183 376 1250 E.
396 1183 504 1262 major
520 1183 600 1249 Host
619 1185 735 1250 Auslr.
753 1186 783 1263 t,
800 1206 833 1269 p.
868 1187 903 1248 ”ll
924 1190 957 1249 el
977 1183 1100 1248 Visian.
1115 1181 1160 1252 ΕΙ.
1177 1181 1284 1250 Dalm.
1301 1185 1325 1254 Ι.
1345 1204 1378 1268 p.
1398 1185 1463 1248 aul

185 1293 227 1340 ex
244 1279 348 1356 porte.
368 1307 409 1322 -
429 1272 465 1338 Ε
483 1271 784 1340 altissimuTomm.
806 1273 854 1340 ΕΙ.
872 1271 989 1350 XVlll‚
1015 1272 1117 1337 Beibl.
1132 1273 1213 1356 pili
1231 1291 1296 1338 non
1315 1273 1403 1339 Desl.
1422 1309 1464 1320 -

183 1363 222 1430 Ε.
236 1361 381 1442 fragilia
399 1360 486 1428 Sieb.
504 1359 577 1446 Spr.
595 1368 628 1428 et
641 1365 727 1444 plur.
740 1362 818 1428 Coll.
840 1381 904 1428 non
926 1361 1014 1430 Desl.

219 1473 297 1528 Hab.
308 1475 337 1528 in
354 1471 476 1545 sepibus
488 1472 618 1541 regionis
629 1473 778 1530 interioris
789 1478 818 1529 et
828 1471 1108 1542 montanae‚Graeeia
1118 1469 1223 1544 (Orph.
1237 1471 1282 1526 ΕΙ.
1296 1487 1357 1528 exs.
1370 1471 1463 1543 2681),

182 1543 498 1614 Taygetuslpsarides
509 1546 541 1612 l),
555 1543 678 1614 Argolis
690 1544 801 1616 (Spruu
812 1548 842 1615 l),
857 1543 1015 1600 Acbataad
1029 1544 1133 1598 Patras
1149 1547 1178 1598 et
1192 1545 1250 1598 ins.
1266 1544 1465 1615 Cephallonia

183 1614 411 1758 fflffaeq'orffii
422 1688 451 1756 l),
464 1685 562 1740 insule
574 1685 631 1741 Zea
646 1685 727 1754 (Sert
736 1691 766 1756 l),
781 1687 868 1742 Creta
879 1688 911 1742 in
924 1689 1023 1741 monle
1045 1685 1098 1767 lde
1113 1685 1192 1742 mou·
1215 1685 1313 1754 (Siebl
1329 1685 1423 1742 Heldr
1434 1689 1463 1756 ll,

185 1757 359 1812 Macedonia
372 1759 403 1812 in
418 1760 517 1812 monte
532 1757 680 1813 Kortoiau
693 1773 784 1830 supra
801 1758 970 1813 Saloninam
994 1755 1095 1828 (Frrvl
1122 1756 1215 1812 Heldr
1228 1759 1259 1827 l),
1282 1755 1307 1810 B
1331 1759 1463 1812 zantiunr

184 1843 276 1954 prppe
291 1828 527 1954 bfcularlillrlueb.
541 1827 625 1953 287311
638 1827 773 1954 1ξΙθΙάτΙ),
785 1830 879 1885 Troas
889 1829 928 1883 ad
938 1831 1014 1954 Assp
1027 1827 1138 1898 (Sint),
1148 1771 1464 1954 Smgrnaeffipaeisolrlpp

183 1899 1283 2040 (eutitianaetlibi.illiberali)'ollllllttlat
1296 1972 1317 2038 ι)
1330 1913 1464 2026 titt

182 2040 598 2183 geprffiplll)l),Fllllpppgolymae
609 2041 709 2110 (Roth.
723 2041 791 2098 2621
804 2043 890 2098 Boiss
900 2046 920 2112 l)
934 2045 963 2098 et
974 2041 1013 2096 ad
1025 2041 1107 2113 ipsos
1122 2041 1225 2114 templi
1238 2041 1348 2096 veteris
1360 2057 1464 2098 muros

219 2209 266 2266 Ex
283 2209 318 2265 cl.
333 2211 364 2266 G.
384 2215 418 2266 A.
435 2210 538 2281 Meyer
549 2209 640 2281 hujus
654 2210 765 2282 speciei
778 2212 898 2266 amenta
912 2209 1046 2266 mascula
1056 2209 1181 2266 floribus
1195 2209 1213 2266 2
1226 2211 1362 2268 femineis
1378 2211 1463 2266 steri-

182 2279 264 2336 llbus
277 2297 355 2353 saepe
371 2283 573 2336 terminantur.
588 2279 621 2336 Ε.
635 2281 887 2366 campylopodaa
907 2282 942 2338 cl.
957 2281 1110 2336 Parletore
1126 2297 1193 2337 cum
1213 2281 1248 2336 Ε.
1266 2281 1378 2354 fragili
1396 2297 1465 2338 con-

179 2351 378 2423 jungitursed
393 2353 570 2424 hujusmmi
584 2369 644 2408 non
661 2358 787 2408 contorti
806 2359 834 2408 et
859 2353 933 2408 adeo
958 2352 1099 2424 elongati,
1125 2357 1305 2424 amentaque
1333 2354 1464 2409 leminea

182 2424 360 2480 subsessilia
375 2427 473 2480 erecta
487 2439 603 2495 sornper
618 2423 742 2480 uuitlora
762 2427 840 2480 sunt.

218 2523 266 2578 Ar.
282 2522 383 2592 (leoga.
400 2521 562 2593 Delmatia,
577 2522 697 2593 Baebia,
709 2522 824 2578 Serbia.

230 2698 261 2762 6.
277 2695 321 2762 E.
340 2693 623 2782 podestytax,
652 2697 806 2764 trulleosa
827 2697 928 2763 ramis
958 2697 1118 2778 elongatis
1141 2697 1261 2764 erectis
1286 2697 1412 2764 slriatis
1433 2706 1467 2763 et

183 2786 358 2868 asperulis,
389 2785 526 2851 ramulis
552 2786 757 2852 verticillatis
794 2785 1051 2868 erecto-patulis,
1072 2787 1212 2872 amentis
1241 2787 1394 2853 masculis
1422 2789 1463 2852 acl

182 2875 339 2940 articulos
357 2875 641 2956 conlerlisovalis,
666 2876 812 2940 authoris
833 2877 890 2941 6-8
908 2875 1021 2958 stipite
1039 2875 1292 2960 eisequtlongo
1313 2875 1462 2942 suffultis
1561 2919 1562 2922 ,

182 2964 216 3029 in
234 2964 418 3029 columnam
440 2963 579 3030 bracteis
599 2965 779 3047 longiorem
804 2965 940 3039 coalitis,
957 2965 1096 3030 amentis
1120 2965 1271 3030 femineis
1293 2965 1332 3030 ad
1355 2983 1465 3030 ramu-

184 3052 233 3119 los
250 3051 371 3118 breves
390 3060 518 3119 erectos
531 3052 582 3118 rel
600 3071 759 3120 recurvos
780 3053 951 3121 sessilibus
972 3053 1021 3120 rel
1042 3053 1241 3119 brevissime
1260 3053 1465 3136 pedieellatis

181 3140 337 3207 solitariis
356 3142 406 3208 vel
421 3143 477 3207 ΕΒ
491 3142 655 3218 conlerlis,
678 3143 838 3208 involucri
858 3144 983 3225 vaginis
1014 3145 1072 3208 3-4
1102 3143 1213 3208 bifidis
1235 3143 1353 3216 oratis.
1381 3144 1464 3208 inte-

182 3230 282 3295 rioris
306 3231 435 3297 nuculis
461 3231 691 3298 subbreviuris
718 3231 796 3297 tubo
823 3232 863 3298 ab
890 3232 1105 3300 interioribus
1136 3232 1314 3316 recondito,
1341 3231 1467 3300 tubillo

182 3324 273 3385 recto
291 3329 318 3394 5.

216 3429 291 3484 Hab.
307 3431 338 3486 in
352 3430 507 3486 montibus
516 3429 714 3504 cappadocie
730 3432 768 3488 ad
782 3447 920 3489 occasum
932 3433 1077 3490 Caesareae
1091 3430 1171 3489 4000’
1184 3429 1265 3499 (Bel.
1280 3445 1342 3486 exe.
1356 3430 1413 3486 sub
1429 3427 1464 3486 Ε.

1 3538 2 3572 ;
108 3569 110 3572 ¹
181 3499 424 3574 campylopodril.

212 3597 324 3653 Frutex
335 3597 453 3653 videtur
468 3613 573 3669 parum
587 3598 682 3654 elatus
701 3598 793 3654 ramis
805 3600 970 3672 pedalibus.
988 3599 1072 3656 Hanc
1087 3599 1223 3671 plantam
1240 3599 1323 3670 prius
1344 3597 1464 3654 habue-

181 3683 247 3751 ram
258 3684 311 3740 pro
327 3667 362 3751 Ε.Ι
376 3683 445 3725 eam
466 3665 598 3752 ylopodci
610 3670 658 3726 cui
671 3670 793 3754 ramulis
809 3673 947 3756 leminels
962 3687 1041 3797 saepe
1056 3672 1186 3758 rec'urvls
1198 3673 1227 3726 et
1239 3672 1368 3752 amentis
1381 3669 1465 3752 billo-

181 3755 223 3795 ras
240 3743 386 3810 convenit,
402 3755 433 3796 se
472 3741 569 3796 diflert
587 3740 736 3796 ruvolucrr
754 3757 872 3814 vaginis
895 3741 1001 3815 protam
1024 3743 1158 3798 ebrlrdrs
1178 3755 1290 3797 seusun
1316 3741 1464 3812 elongatrs

181 3825 236 3938 pebe
248 3811 365 3867 interne
385 3811 498 3868 caeteris
513 3810 608 3868 multo
623 3810 757 3884 longiore
773 3821 802 3870 et
821 3815 984 3887 praesertim
996 3815 1130 3870 antheris
1143 3812 1285 3885 stipilatis
1304 3828 1359 3868 nee
1373 3813 1462 3867 sessi-

197 3899 205 3936 r
232 3897 275 3937 us.
689 3918 692 3928 ·

224 4059 420 4130 ‘l.E.Alte
437 4061 485 4147 (G.
497 4063 537 4130 Α.
550 4061 588 4127 ll.
607 4063 686 4146 pr.
701 4083 729 4146 p.
751 4065 802 4147 75,
821 4065 885 4132 tab.
903 4066 932 4130 ll.
945 4065 995 4148 lig.
1014 4064 1049 4148 l)
1067 4063 1223 4130 lrulicosa
1239 4063 1334 4144 elata,
1357 4061 1459 4128 ramis

182 4151 345 4234 elongatis
373 4153 499 4220 strialis
538 4159 571 4220 et
602 4154 768 4234 asperulis
797 4155 915 4221 erectis
951 4155 1001 4219 rel
1029 4153 1188 4219 tortuosis
1219 4151 1467 4224 scandentibus.

182 4241 321 4307 ramulis
348 4241 387 4307 ad
413 4259 581 4308 ramorum
606 4241 764 4309 articulos
792 4243 997 4310 verticillatis
1033 4241 1130 4309 rectis
1157 4239 1350 4326 junioribus
1376 4241 1462 4306 loliis

182 4330 346 4396 brevibus
367 4330 546 4397 linearibus
575 4332 736 4416 oppositis
763 4331 890 4398 obsitis.
909 4331 1050 4399 amentis
1071 4331 1227 4398 masculis
1253 4331 1294 4396 ad
1320 4330 1464 4394 ramulo·

156 4425 160 4432 '
184 4437 258 4485 rum
273 4419 431 4486 articulos
449 4425 481 4486 et
500 4419 729 4487 terminalibus
746 4422 909 4504 congestis
926 4420 1100 4488 sessilibus
1120 4424 1153 4485 et
1169 4419 1316 4486 breviter
1336 4417 1465 4501 pedun-

183 4508 303 4576 culatis
321 4509 428 4575 oratis
454 4507 656 4594 paucilloris‚
680 4511 894 4577 antberarum
924 4511 977 4576 3-4
1005 4507 1171 4576 sessilium
1196 4509 1347 4575 columne
1370 4509 1464 4589 longe

412 1614 532 1669 cabetus
554 1620 583 1669 et
609 1615 772 1684 Hymettos
793 1617 899 1672 Atticae
921 1617 1050 1686 (Sprunl
1074 1613 1205 1685 Heldrll,
1233 1629 1319 1669 mons
1345 1615 1461 1684 Velugo
1511 1625 1515 1632 ’
1574 1613 1577 1621 ’
