3142 5102
94 303 213 362 baare
648 318 801 362 meamea
1330 307 1376 368 ᾗ

93 428 204 494 lemine
234 423 353 492 lineari
378 422 592 507 integerrime
621 429 711 510 apice
731 427 907 495 rotundare
937 431 969 492 et
1002 427 1198 512 plerumque
1227 434 1366 516 emargi-

89 520 168 583 nrtd.
206 513 318 581 Cauiis
360 513 487 579 florifer
529 531 749 601 compressus,
784 517 1027 584 indoresoentia
1068 519 1190 598 spicata
1220 522 1367 587 alterno·

90 605 221 673 disticha
239 605 274 669 in
294 602 366 668 axis
385 603 488 685 apicis
505 605 698 684 complanati
713 607 885 690 (spadicis)
913 605 992 672 facie
1006 606 1122 681 antica,
1154 608 1220 674 lolii
1246 608 1369 676 summi

91 693 207 764 dotalis
223 694 343 774 vagina
362 692 441 757 [issa
461 690 607 778 (spatha)
623 695 765 772 inclusa3
788 695 975 762 ramilieatio
994 713 1034 762 ex
1047 695 1144 760 axilla
1163 697 1229 763 folii
1252 700 1367 780 penul·

90 784 151 849 timi
173 783 295 848 lamina
313 781 479 855 destituti:
510 800 622 849 remiis
639 787 779 868 quisque
800 785 1010 868 prophyllum
1029 783 1147 850 lamina
1169 786 1366 854 destitutum

7 955 8 958 Ἴ
89 873 232 939 inaxillri
260 889 389 936 ramum
417 872 586 954 sequentis
607 873 733 938 ordinis
756 873 866 938 ferens
891 877 924 939 et
949 873 1060 939 lolium
1091 871 1204 940 ssorale
1231 895 1364 958 gerens,

7 959 8 972 ³
90 979 192 1044 nsque
221 962 264 1027 ad
293 959 458 1044 propbylii
484 961 704 1033 assertionem
731 963 781 1028 axi
813 963 1028 1045 praecedentis
1055 961 1180 1028 ordinis
1201 965 1369 1031 'ednotus

7 1081 9 1136 ξ
91 1050 297 1116 fecundatio
320 1049 528 1130 bygrogama.
547 1048 659 1117 Flores
686 1053 909 1136 proterogyni.

121 1161 188 1217 libs.
213 1149 486 1231 Disquisitionibus
506 1161 761 1232 organogeneticis
784 1177 803 1216 a
825 1162 859 1218 el.
874 1161 911 1218 de
924 1161 1079 1218 Lanessan
1093 1161 1239 1218 institutis
1254 1164 1371 1232 (Assos.

7 1275 8 1290 2
90 1233 189 1288 Frane.
203 1231 320 1288 Nautes
329 1231 413 1300 1875)
426 1231 683 1287 verosimillimum
696 1233 815 1288 videtur
826 1233 928 1288 dorem
937 1231 1066 1289 Zostera
1079 1247 1117 1288 ex
1127 1233 1251 1289 antbert
1262 1238 1292 1289 et
1302 1249 1365 1290 car-

90 1304 167 1429 piicgo
185 1302 658 1429 suprp'posgtpo(1gep11u<t)el.latlrhl
679 1307 802 1386 secutus¹
822 1304 946 1430 οιηιίὶεί]11
962 1305 1072 1360 Bornet
1089 1309 1118 1358 et
1132 1303 1255 1430 Itmlisflh
1285 1307 1380 1376 prius--

7 1457 8 1464 ¹
90 1376 582 1515 tltldaddddddt
600 1389 741 1570 'pollii
755 1376 1215 1514 ‘elleaddebarim
1231 1391 1370 1515 atndllil

92 1515 288 1588 Cprrrodoceoe‚
302 1516 358 1570 etsi
373 1515 551 1570 observante
561 1518 596 1571 cl.
629 1531 755 1571 anessan
771 1518 855 1572 theca
870 1517 993 1572 inferior
1006 1519 1088 1588 prius
1102 1532 1193 1588 quam
1206 1519 1343 1590 superior
1354 1533 1375 1574 e

91 1587 217 1660 spadicis
229 1586 389 1660 superficie
402 1590 543 1656 emergat.
555 1587 695 1642 Antherae
709 1587 962 1658 longitudinaliter
978 1603 1037 1643 non
1051 1588 1150 1643 solum
1164 1589 1215 1642 axi
1225 1589 1372 1644 ssorissed

7 1659 9 1700 t
92 1660 177 1714 etiam
193 1661 246 1714 asi
260 1659 352 1729 spica
365 1657 484 1712 adnatae
496 1657 570 1712 adeo
577 1657 707 1714 insolitae
720 1663 790 1714 sunt
802 1663 835 1714 ut
846 1661 1047 1730 erganogenia
1060 1660 1372 1729 exceptionelisetiam

92 1730 273 1802 expectanda
286 1732 332 1784 sit

137 1869 209 1936 l.Z
238 1867 422 1934 marina
450 1866 501 1952 (L.
518 1866 571 1950 Sp.
594 1867 619 1932 1.
643 1887 670 1951 p.
696 1869 775 1948 968)
796 1869 1112 1948 1·ebnste,ieliorum
1132 1869 1249 1952 vagina
1272 1869 1381 1953 (prae-

93 1966 140 2023 ter
157 1958 298 2038 floralia)
318 1959 431 2024 claust
449 1957 673 2024 exauriculate
691 1957 809 2022 lamina
827 1959 917 2039 apice
933 1958 1109 2024 rotundare
1127 1957 1176 2041 (in
1198 1957 1373 2026 latioribus

93 2046 293 2128 emarginata
318 2065 393 2112 cum
422 2050 587 2124 mucrone)
612 2047 667 2112 3·5
707 2047 816 2112 rarius
840 2047 1006 2112 7·9·nervi
1036 2046 1148 2111 nervis
1181 2047 1375 2114 lateralibus

92 2137 279 2202 esternisa
315 2136 462 2216 margine
494 2135 701 2214 distantibus,
735 2137 939 2202 secundariis
975 2136 1007 2200 in
1042 2135 1159 2218 quovis
1194 2135 1378 2202 interstitio

92 2225 288 2300 numerosis,
305 2224 422 2306 spatha
436 2225 620 2294 internodio
633 2223 1057 2310 praecedenti(peduncnio)
1070 2229 1102 2291 et
1121 2225 1248 2290 laminae
1269 2225 1372 2308 aequi·

93 2315 163 2384 latd.
189 2314 333 2379 floribus
367 2312 554 2387 numerosis
594 2313 786 2379 normaliter
811 2312 1017 2396 ebraeteatis,
1039 2317 1121 2380 testa
1153 2311 1204 2397 (ut
1227 2313 1379 2399 tructus)

94 2402 377 2486 longitndinaliter
395 2401 520 2468 sulcata
542 2417 584 2482 pc.

126 2514 201 2569 Hab.
214 2515 247 2568 in
261 2512 384 2568 vadosis
395 2513 528 2568 arenosis
534 2517 563 2568 et
577 2513 692 2569 limosis
705 2513 742 2568 ad
753 2515 842 2568 maris
858 2513 1064 2570 Mediterranei
1076 2514 1180 2586 plagas
1194 2513 1295 2584 magis
1304 2527 1376 2584 sep-

7 2615 8 2636 t
95 2584 282 2640 tentrionales
299 2589 389 2656 atque
403 2584 436 2638 in
448 2585 541 2639 Ponto
555 2583 674 2640 Euxino
688 2583 836 2640 hincinde
851 2599 945 2656 usque
959 2584 995 2638 ad
1005 2585 1040 2642 10
1055 2588 1140 2640 metr.
1157 2584 1376 2656 profunditatis

95 2655 287 2724 descenderim
307 2671 367 2710 orae
385 2655 538 2726 Argolidis
546 2655 660 2726 (Sprun
669 2658 698 2726 t),
709 2653 899 2725 Hellesponti
918 2655 1027 2724 (Sibth.
1044 2657 1155 2725 Calvi),
1171 2655 1258 2711 Ponti
1281 2669 1379 2727 prope

7 2939 8 2942 ,
95 2895 302 2965 angustiiolias
317 2893 399 2949 foliis
410 2895 488 2949 inter
510 2909 561 2948 um
576 2893 622 2964 (Z.
641 2894 835 2966 unpuctisotid
849 2895 941 2949 Hom.
956 2893 998 2950 Fl.
1021 2895 1096 2950 Dan.
1109 2891 1170 2948 tab.

94 2725 181 2782 Rhize
195 2727 273 2795 (Bal.
286 2725 378 2799 aaut),
394 2728 480 2782 sinus
496 2726 685 2798 Smyrnaicus
699 2725 852 2795 (Seetzent
867 2726 926 2781 Bal.
938 2725 1022 2796 3941)
1036 2727 1138 2782 Graece
1153 2725 1281 2800 Phyteia.

127 2824 211 2878 Folia
235 2823 275 2879 ad
301 2825 423 2878 1metr.
438 2823 487 2878 lon
546 2821 595 2878 es
617 2839 687 2878 mm.
713 2822 784 2889 lata,
811 2821 919 2895 spatha
944 2822 981 2877 ad
1005 2823 1111 2878 8cent.
1125 2823 1224 2948 longiae.
1247 2823 1377 2902 Formas

95 2971 235 3037 sequente
260 2966 342 3021 baud
365 2965 525 3020 latioribus
549 2965 653 3036 quales
667 2967 699 3021 in
720 2981 801 3020 mare
815 2966 926 3021 Baitioo
946 2968 976 3019 et
988 2964 1167 3020 Germanico
1184 2891 1379 3019 offlffrffigtlg

96 3037 189 3108 plagis
203 3036 431 3092 biediterraneis
444 3051 506 3091 non
519 3036 590 3092 vidi.
607 3037 640 3092 ln
655 3037 708 3092 tali
722 3037 794 3105 (nisi
807 3037 881 3091 forte
895 3034 978 3106 prole
989 3035 1134 3105 hybrida)
1151 3033 1244 3090 semel
1259 3033 1376 3090 offendi

97 3124 179 3163 ueras
201 3108 337 3164 bracteas
360 3111 394 3162 ut
415 3108 448 3163 in
469 3108 565 3178 specie
594 3111 754 3180 sequenle;
779 3107 912 3162 bracteas
930 3123 949 3160 a
966 3106 1001 3162 cl.
1015 3106 1116 3162 Duval
1129 3105 1224 3162 Jouve
1237 3105 1379 3177 depictas

95 3195 162 3234 cum
175 3179 211 3234 cl.
224 3180 259 3234 de
271 3180 427 3236 Lanessan
446 3194 500 3249 pro
515 3177 643 3249 spadicis
659 3179 803 3250 marginis
823 3177 960 3233 undulati
975 3177 1183 3249 prominentiis
1201 3176 1308 3232 babeo.

130 3275 177 3329 dr.
198 3275 299 3345 (leopr.
320 3273 386 3328 Orae
402 3274 492 3328 maris
505 3273 713 3330 Mediterranei
731 3273 875 3344 Europeae
889 3277 918 3328 et
932 3272 1069 3330 Asiaticae
1083 3289 1101 3328 a
1114 3274 1242 3345 Smyrna
1261 3273 1300 3328 ad
1314 3272 1375 3328 fre-

97 3349 158 3402 tum
172 3347 355 3401 Gaditanum
376 3360 479 3416 usque,
502 3343 614 3400 Oceani
634 3344 774 3400 Atlantici
797 3345 879 3414 (cum
903 3345 985 3400 Mare
1001 3345 1116 3400 Bultico
1134 3349 1164 3399 et
1179 3344 1375 3411 Germanico)

100 3431 191 3498 usque
205 3417 242 3471 ad
253 3415 461 3487 maredlbum
473 3415 620 3486 islandiae,
630 3415 839 3472 Groenlandiae
853 3415 1053 3487 occidentalia,
1066 3413 1269 3485 Uualaschka,
1282 3415 1376 3486 Japo·

7 3505 9 3536 e
99 3502 164 3559 nire,
175 3489 320 3543 Americae
333 3487 397 3542 ber.
413 3503 465 3542 ora
479 3487 641 3558 orientalia,
657 3485 842 3542 Galifornia?

7 3631 9 3650 .
143 3587 227 3655 Η.
244 3601 368 3654 nana
380 3586 480 3665 (Rotb
496 3587 611 3652 dnum.
631 3585 674 3667 pl.
694 3583 804 3651 Germ.
826 3605 855 3667 p.
881 3585 916 3669 8)
930 3585 1059 3656 tenella,
1082 3583 1232 3649 loliorum
1259 3581 1380 3666 vagina

100 3694 240 3760 superne
268 3677 362 3756 iisse,
388 3675 616 3756 hienrieulatai,
639 3674 757 3740 lamina
784 3675 1018 3755 angustissima
1044 3672 1139 3756 apice
1175 3673 1379 3753 emarginata

7 3765 9 3812 t
102 3768 235 3833 trinerri
263 3767 375 3832 nervis
396 3763 585 3832 lateralibus
603 3763 875 3846 mammantibus,
898 3763 1085 3829 interstitiis
1121 3761 1233 3828 nervis
1259 3777 1376 3827 secun·

103 3857 201 3922 dariis
215 3854 472 3938 td-percursis,
484 3853 600 3938 spatha
613 3869 712 3938 qrram
731 3851 936 3934 pedunculus
949 3857 981 3918 et
995 3851 1113 3917 lamina
1127 3851 1229 3916 multo
1243 3849 1375 3926 latiore,

103 3943 233 4012 boribus
275 3945 354 4010 ΜΞ
387 3945 483 4025 lintre
518 3940 660 4025 spadicis
696 3940 875 4022 marginem
908 3941 1001 4024 Juxta
1036 3939 1190 4006 antheras
1233 3937 1382 4004 bracteis

103 4033 435 4116 oblongo-linearibus
472 4050 574 4114 supra
606 4029 770 4114 spadicam
803 4029 948 4097 ineurvis
980 4027 1203 4111 (retinaculis)
1239 4026 1378 4093 totidem

104 4124 238 4205 stipans,
270 4123 353 4188 usu
379 4120 434 4205 (nt
466 4119 606 4205 fructus)
628 4118 700 4184 laeri
728 4133 771 4198 aa.
788 4116 1027 4199 Pbucoproab‘s
1050 4116 1162 4182 minor
1183 4117 1295 4183 Gavol.
1314 4116 1375 4182 loe.

104 4213 151 4277 dt.
180 4213 264 4280 banc
290 4209 331 4276 ad
353 4210 496 4294 speciem
533 4209 709 4291 descripto.
744 4243 783 4256 -
815 4207 950 4272 Zostera
975 4203 1183 4286 encarpc'nutu
1207 4205 1310 4270 Ebrb.
1344 4208 1383 4271 et

105 4301 216 4386 llemp.
248 4299 369 4384 -Symb
400 4299 500 4381 Phys.
532 4297 602 4366 Bot.
628 4297 690 4364 tab.
717 4295 796 4361 XIX
817 4293 905 4382 (ined
922 4295 944 4383 l.
966 4331 1004 4342 -
1024 4295 1057 4360 Z.
1075 4294 1250 4360 uolnerata
1274 4293 1376 4361 Rcbb.

105 4387 209 4456 Germ.
231 4410 262 4474 p.
284 4390 343 4455 ¹37
365 4406 425 4456 nec
443 4387 553 4455 Forslr.
571 4425 613 4435 —
635 4387 670 4453 Ζ.
686 4388 812 4452 nodoso
829 4384 927 4451 Gess.
951 4383 999 4450 Pl.
1016 4381 1077 4450 Sic.
1094 4381 1175 4467 Syn.
1198 4385 1237 4449 11
1258 4403 1288 4465 p.
1311 4384 1384 4449 565

105 4497 158 4547 nec
173 4478 279 4546 Uaria.
309 4509 345 4524 ·-
362 4478 396 4544 Z.
414 4476 525 4542 minor
542 4475 637 4544 Nolte
661 4478 694 4542 in
716 4475 816 4541 Rcbb.
845 4475 886 4541 Io.
910 4471 1019 4541 Germ.
1044 4471 1114 4550 vii.
1132 4492 1164 4558 p.
1186 4475 1219 4548 d,
1248 4471 1314 4540 tab.
1338 4473 1377 4536 li
