3252 5120
57 364 106 430 (1.1-11
174 343 240 404 &01
732 357 896 403 scucacea
1320 345 1463 407 Luxata..

55 676 92 732 ρ
177 734 236 791 que
253 734 358 792 usque,
372 718 491 789 Sibiria
509 719 646 775 Ameriae
666 719 802 793 borealis,
822 721 990 777 Australia.

72 461 121 533 gl&
175 465 474 595 Rhisszaebssgrmrieffone
486 464 646 538 subalpina
662 468 774 524 montis
793 469 893 540 Argaei
912 467 1113 541 Cappadociae
1125 464 1235 540 (Ball),
1252 469 1283 524 in
1307 469 1403 541 sylvis
1420 471 1459 528 ad

54 528 86 555 ,¹¹
119 548 120 552 5

47 558 98 593 '¹15

35 603 48 621 oy
78 605 80 607 ¹

412 537 486 594 azici
501 537 571 607 (Bal
582 540 612 608 l).

210 649 260 706 dr.
275 648 377 718 (iocur.
398 647 519 719 Europa
533 650 594 703 tota
606 647 734 704 borealis
751 655 780 705 et
794 649 891 705 media
906 649 944 705 ad
958 648 1140 722 Hispaniam
1154 651 1312 706 centralem
1325 649 1458 708 Italiam-

691 967 819 1050 Specr'es
836 969 948 1036 dubio.

219 1165 257 1231 L.
277 1164 500 1248 anpustr'fotio
519 1164 567 1252 (C.
597 1166 684 1233 Koch
716 1167 808 1233 binii.
828 1165 919 1247 XXI,
941 1187 971 1250 p.
1002 1164 1093 1252 625),
1112 1167 1290 1234 rbizcmate
1310 1174 1463 1250 repente

176 1253 261 1322 loliis
280 1262 418 1338 anguste
437 1255 616 1321 linearibus
634 1255 758 1339 glabris
789 1256 841 1321 vel
860 1257 1007 1340 ierurgiae
1026 1262 1060 1322 et
1077 1256 1118 1320 ad
1137 1257 1271 1339 vaginas
1291 1257 1455 1340 pilosulis,

174 1343 313 1410 liovibus
335 1345 368 1410 in
393 1345 516 1427 spicam
543 1345 676 1411 bractea
702 1346 885 1430 aequilonga
910 1345 1080 1411 sullnltam
1100 1345 1280 1428 dispositis,
1300 1346 1460 1430 perigonii

47 1463 83 1498 a
176 1434 298 1517 phyllis
321 1433 471 1516 oblongis
488 1435 683 1502 acuminatis
711 1435 980 1518 subaequilongis,
998 1434 1133 1519 capsula
1155 1434 1276 1519 sepalis
1293 1434 1460 1516 breviore,

39 1547 102 1615 1
174 1523 311 1590 seminis
327 1522 421 1589 acillo
438 1522 568 1589 basilari
591 1524 744 1607 perbrevi
769 1534 814 1598 tt.
835 1523 869 1589 d.
885 1522 1223 1606 stenopbpltaSteud.
1244 1520 1353 1590 Glum.

209 1648 289 1705 Hah.
305 1651 336 1704 in
351 1650 503 1705 montibus
517 1649 604 1706 Ponti
618 1650 718 1706 Lazici
734 1650 782 1719 (G.
796 1648 906 1720 Koch).
922 1635 992 1706 Non
1008 1648 1079 1706 vidi.

86 1762 88 1775 '
210 1759 256 1815 Ex
268 1760 303 1815 cl.
315 1763 436 1816 auctore
449 1759 538 1816 valde
548 1759 647 1816 affinis
660 1759 698 1817 t.
711 1759 892 1831 mutttfiome
908 1759 1067 1831 descriptio
1080 1762 1189 1833 praeter
1201 1760 1336 1816 rhizoma
1347 1775 1461 1831 repens

93 1883 94 1887 ,
174 1831 285 1888 dictum
300 1847 360 1887 non
374 1831 474 1888 obstet
486 1835 516 1887 et
535 1831 744 1888 verosimiliter
758 1833 797 1888 ad
809 1830 844 1888 L.
858 1838 1059 1904 campestrem
1071 1830 1120 1888 vol
1133 1832 1168 1888 L.
1184 1831 1456 1903 multifloremvar.

176 1909 348 1974 conpertam
363 1902 549 1958 adducenda.

519 2127 662 2219 tbllctls
681 2128 726 2224 (b.
752 2128 828 2204 Gen.
849 2126 913 2203 lev
938 2149 974 2204 or
994 2129 1110 2223 parte).

216 2347 428 2431 Perigonium
448 2347 655 2428 glumaceum
672 2346 793 2431 phyllis
810 2364 868 2431 sex
884 2344 1069 2429 aequalibus
1083 2344 1134 2411 vel
1151 2344 1369 2429 inequalitas
1384 2345 1458 2412 basi·

32 2462 73 2524 p.
109 2514 110 2517 ,
172 2437 332 2505 connatis.
358 2435 502 2502 Stamina
527 2453 586 2501 sex
612 2433 683 2502 basi
714 2435 901 2520 phyllorum
931 2434 1064 2502 inserta.
1083 2433 1240 2501 Ovarium
1267 2434 1458 2501 triloculare

26 2546 79 2614 ἰ3.,
173 2529 222 2593 vel
247 2527 351 2609 septis
382 2524 586 2609 incompletis
613 2525 828 2604 collocutore,
845 2524 943 2590 ovula
963 2523 1104 2607 plurime
1125 2540 1167 2590 ex
1188 2524 1306 2607 angulo
1333 2523 1457 2590 loculo-

20 2634 98 2700 ῥυ
171 2635 260 2683 rum.
280 2614 393 2700 Stylus
415 2614 541 2694 unicus,
559 2616 711 2698 stigmata
740 2615 803 2680 tria
833 2612 996 2678 lililormia
1016 2613 1139 2678 villosa.
1161 2611 1301 2696 Capsula
1318 2613 1456 2680 trilocu·

38 2727 67 2781 ,ς
171 2705 250 2771 laris
281 2707 333 2770 vel
364 2705 466 2788 septis
500 2705 652 2770 retractis
688 2703 901 2770 uniloculavis
929 2701 1101 2768 loculicide
1127 2701 1291 2768 trivalvis.
1320 2701 1452 2768 Semina

49 2787 69 2844 ’ί
171 2795 268 2879 plura
297 2793 575 2861 subborizontalia
599 2795 685 2860 testa
712 2792 878 2859 interdum
912 2791 1066 2873 utrinque
1089 2793 1388 2858 seccato-relaxate.
1408 2826 1454 2840 -

85 2874 87 2876 ’
170 2883 290 2951 Herbe
310 2899 473 2968 perennes
486 2884 539 2949 vel
558 2899 685 2954 annuae,
706 2882 855 2947 caulibus
874 2878 1079 2964 simplicibus
1092 2880 1234 2963 apbyllis
1254 2881 1306 2948 vel
1323 2880 1456 2960 lolietis,

171 2973 257 3039 loliis
283 2973 352 3039 basi
383 2972 541 3053 saginatis
567 2970 738 3054 teretibus,
763 2969 923 3039 fistulosis
953 2971 1003 3035 vel
1025 2968 1248 3038 canaliculalis
1267 2970 1319 3039 vel
1344 2969 1456 3054 planis

33 3048 64 3166 ’11-
171 3061 339 3129 interdum
359 3066 549 3128 transverse
565 3061 712 3144 septatis.

495 3318 684 3402 specterum
705 3318 928 3387 Orientalium
944 3319 1128 3402 dispositio.

578 3518 688 3575 Sisenes
706 3519 817 3575 Peme.
834 3550 867 3560 -
882 3520 1040 3576 Perennae.

17 3780 30 3805 11
167 3701 186 3785 5
219 3704 245 3768 l.
276 3700 786 3784 CommunesEngeln1.-
815 3697 934 3766 Gaules
964 3699 1087 3766 enodes
1127 3704 1248 3782 preter
1284 3699 1449 3765 bracteam

345 3790 407 3858 sub
433 3789 563 3856 antbelt
582 3790 835 3873 pseudolaterali
858 3792 982 3872 apicem
1012 3787 1115 3854 caulis
1142 3788 1351 3854 simulantem
1370 3788 1451 3853 nudi

345 3880 414 3947 basi
433 3880 562 3960 vaginis
581 3878 721 3962 apbyllis
741 3879 848 3958 obsiti,
867 3878 921 3943 alii
942 3877 1069 3944 fertiles
1085 3877 1139 3943 alii
1162 3877 1292 3944 steriles
1316 3876 1454 3943 loliilor-

293 4024 295 4034 1
347 3988 432 4036 mus.
450 3968 583 4035 Semina
597 3987 662 4035 non
679 3969 824 4035 caudata.

624 4134 634 4154 '
654 4132 787 4205 Capsula
801 4130 990 4187 trilocularis.

203 4258 231 4314 J.
247 4259 365 4331 effusas,
385 4256 633 4331 conplemeratres,
646 4256 780 4331 plausus.

519 4415 529 4434 ·
549 4415 558 4432 ·
578 4410 707 4484 Capsula
725 4411 894 4484 imperfecte
907 4410 1096 4467 triloculeris¹

200 4534 227 4591 J.
243 4534 404 4608 filtsormis.
