3142 5102
18 417 20 426 ‚
93 336 251 412 ‘liaplocba'a-
605 353 805 396 saucacorum
1311 339 1348 398 13

18 485 20 554 ξ
88 460 289 530 antberissub
302 461 410 529 medio
428 461 527 529 dorso
546 462 658 530 affixis.
680 465 798 532 Ovaria
816 465 836 531 6
855 463 890 530 in
906 464 1037 530 unicum
1055 469 1189 530 connata
1207 463 1348 531 uniovu·

18 555 19 616 t
93 553 156 632 lata,
179 550 237 616 tria
270 553 395 618 alterna
422 551 590 618 interdum
618 555 754 634 sterilia,
782 553 858 638 styli
879 553 1038 632 subnubi,
1058 551 1207 634 stigmata
1233 553 1348 620 brevia

18 661 19 664 ’
93 644 232 725 plumosa.
253 638 354 706 Orula
371 640 540 708 basilaria.
561 641 703 728 Carpella
724 643 776 708 axi
790 643 933 709 fililormi
954 641 1070 708 adnata
1089 642 1129 707 ab
1150 659 1188 709 eo
1214 643 1347 708 demum

18 793 20 814 ,
90 731 184 798 solata
211 747 441 812 monosperma
464 731 581 814 angulo
610 733 750 798 ventrali
768 732 900 799 demum
917 735 963 815 (et
982 749 1023 796 an
1044 731 1217 815 semperl)
1240 731 1348 798 debis·

90 821 189 887 centia.
206 819 332 884 alterna
346 819 410 885 tria
427 819 592 886 interdum
609 822 745 888 sterilia.
769 821 887 889 Samen
905 824 1051 888 erectum
1079 821 1163 885 testa
1184 821 1286 888 tenui.
1303 855 1349 868 -

91 907 192 974 Herbe
203 907 340 974 floribus
357 909 684 992 racemosa-spicata.

18 1127 19 1142 a
130 1087 155 1150 t.
173 1085 220 1152 T.
241 1085 526 1154 maritimum
544 1087 591 1168 (L.
610 1088 665 1172 Sp.
683 1089 764 1173 483)
778 1089 956 1156 rbizomate
971 1087 1102 1172 obliquo
1113 1087 1206 1154 libris
1221 1086 1350 1162 vestito,

18 1213 19 1218 =
89 1175 160 1242 loliis
182 1177 366 1242 carnosolis
394 1175 794 1260 lineari-semicalindricis
819 1179 1003 1245 carnosulis
1030 1195 1132 1261 supra
1156 1177 1350 1243 canalicula-

93 1265 134 1342 tia,
150 1283 241 1348 scapo
259 1263 345 1332 loliis
362 1265 511 1347 longiore
530 1267 563 1330 in
579 1285 746 1334 racemum
765 1267 916 1333 strictum
936 1268 1121 1348 elongatum
1134 1265 1348 1334 densillorum

18 1369 19 1422 t
89 1353 223 1428 absume
236 1353 405 1436 pediccllis
424 1355 547 1420 strictis
567 1355 673 1422 lructu
693 1356 912 1430 brevioribus,
928 1355 1036 1422 lruclu
1064 1359 1158 1422 orato
1178 1355 1269 1437 apice
1286 1353 1350 1425 sub

18 1497 19 1508 ,
89 1443 279 1524 stigmatibus
297 1447 460 1509 coarctato
474 1444 640 1527 hexagono
652 1446 804 1528 carpellis
817 1463 877 1512 sex
889 1445 1039 1527 ellipticis
1058 1443 1230 1526 triquetris
1250 1443 1350 1508 dorso

18 1527 20 1554 ³
87 1530 360 1599 subcanalicutatis
380 1531 511 1598 tandem
529 1534 758 1600 secedentibus
784 1543 829 1608 κ.
845 1535 878 1600 lc
899 1531 976 1598 bam
1002 1533 1050 1598 Ill.
1066 1531 1132 1600 tab.
1154 1533 1228 1608 260,
1245 1532 1299 1614 fig.
1320 1532 1349 1596 Ξ.

18 1623 19 1706 p
90 1620 376 1776 {xlllcbbffirm
403 1620 469 1688 tab.
498 1623 549 1688 ba.
576 1661 614 1672 -
648 1622 813 1691 bloiet
842 1623 876 1688 Τ.
900 1621 1055 1703 llb'poara'.
1083 1621 1115 1689 G.
1140 1623 1229 1689 Koch
1256 1619 1350 1686 Linn.

119 1823 187 1878 [lab.
203 1825 232 1878 in
270 1824 345 1879 ratis
364 1823 455 1880 salsis
468 1823 658 1880 interioribus
672 1824 821 1880 Armeniae
835 1825 874 1880 ad
892 1825 1001 1882 Baibut
1015 1823 1159 1894 (Bourgl)
1173 1825 1202 1877 et
1220 1823 1252 1877 iu
1288 1821 1351 1877 alu-

84 1893 211 2035 ffi)ad
230 1841 418 1967 fflaphmmm
435 1895 676 1968 propellrzerum
694 1895 827 1966 (Hosti),
852 1898 883 1951 in
910 1895 1099 1968 Cappadocia
1126 1893 1165 1948 ad
1191 1837 1352 1963 Barefietly

120 2060 158 2115 Cl.
171 2061 305 2117 Balansa
317 2063 349 2116 in
365 2061 552 2134 Cappadocia
565 2078 633 2120 cum
646 2063 749 2136 planta
762 2065 862 2136 typica
877 2064 1002 2120 mixtam
1023 2062 1151 2118 formam
1172 2063 1268 2120 fructu
1289 2081 1352 2122 car-

93 2132 165 2202 pellis
176 2135 264 2188 ternis
280 2135 439 2188 constante
454 2134 533 2206 legit.

118 2229 152 2282 la
172 2227 274 2312 Gabar:
291 2227 415 2354 Eurffa
428 2229 555 2314 borealis
568 2235 597 2285 et
607 2230 705 2313 media
715 2229 902 2314 a'Britannie
914 2235 943 2286 et
954 2231 1154 2314 Scandirraail
1163 2231 1202 2286 ad
1214 2231 1352 2314 Rossiam

89 2299 301 2356 etaLusrtanra
315 2305 345 2355 et
384 2305 501 2371 aspamb
510 2300 622 2356 boreab
632 2303 670 2356 ad
680 2301 796 2358 ltaliam
811 2302 981 2373 contradam,
993 2301 1182 2374 Dalmatiam,
1193 2317 1348 2374 reprobem

92 2367 290 2441 Danubialem,
307 2371 425 2442 sibine,
439 2371 536 2427 Attica
555 2371 691 2443 borealia,
706 2373 844 2429 America
858 2374 995 2429 borealis.

129 2534 154 2596 t.
181 2533 221 2598 Τ.
256 2531 468 2618 palustre
503 2532 554 2620 (L.
591 2533 649 2620 Sp.
684 2536 761 2618 aaa)
799 2535 978 2602 rbizomate
1014 2535 1212 2602 brevissimo
1249 2535 1352 2604 bolbi-

93 2619 171 2685 lormi
188 2623 312 2688 tunicis
328 2625 361 2688 et
384 2621 477 2690 fibris
500 2623 728 2709 subparallelis
758 2627 886 2706 vestito,
907 2626 991 2693 loliis
1011 2631 1149 2707 anguste
1169 2627 1351 2694 linearibus

90 2711 334 2790 reniteretibus,
364 2728 462 2795 scapo
490 2713 572 2779 loliis
606 2715 752 2798 longiore
781 2715 815 2779 iu
848 2732 1012 2782 racemum
1043 2713 1175 2796 longam
1200 2715 1353 2782 strictum

91 2799 226 2878 gracilem
245 2799 401 2878 abeunte,
426 2801 593 2886 pedicellis
613 2805 736 2870 strictis
757 2804 866 2870 fructu
890 2803 1109 2884 brevioribus,
1134 2804 1244 2869 fructu
1262 2805 1353 2872 rachi

91 2886 232 2969 adpresso
246 2889 366 2954 lineari
386 2888 456 2958 basi
475 2896 639 2959 attenuato
655 2892 823 2974 ungulato,
838 2893 989 2975 carpeltis
1001 2892 1109 2960 tribus
1127 2891 1352 2960 subteretibus

90 2977 238 3043 subulatis
264 2978 337 3045 basi
359 2981 693 3048 attenuato-aristalle
721 3003 739 3047 a
766 2985 860 3064 parte
885 2981 1033 3048 interiori
1058 2982 1201 3064 primum
1229 2983 1270 3046 ab
1299 2983 1352 3048 axi

89 3066 374 3222 {ccederiffiugilh
389 3069 423 3134 lc
434 3071 481 3136 lll.
492 3069 573 3136 llan.
592 3071 741 3136 tabltlb.
754 3105 797 3118 -
811 3069 899 3137 Nees
911 3069 991 3136 Gen.
1007 3069 1119 3136 Germ.
1138 3070 1180 3136 lc.
1192 3107 1233 3118 -
1246 3071 1351 3137 Rcbb.

115 3171 186 3220 ern.
260 3207 267 3219 .
334 3203 343 3219 .

118 3261 184 3344 Ilab.
198 3265 228 3320 in
240 3265 411 3337 uliginosis,
426 3268 464 3324 ad
477 3269 579 3336 fossas,
593 3269 721 3340 regionis
736 3270 899 3342 praesertim
914 3273 1063 3325 montanae
1087 3273 1116 3326 et
1140 3269 1259 3342 alpinae,
1272 3271 1356 3326 Aua-

92 3334 150 3388 toba
164 3336 193 3389 in
204 3341 309 3392 monte
320 3340 453 3394 Anemas
466 3340 543 3396 6000'
557 3341 650 3409 (Held
661 3343 690 3410 t),
704 3341 894 3412 Cappadocia
909 3343 947 3396 ad
963 3341 1130 3397 Caesaream
1145 3345 1173 3396 et
1187 3343 1217 3396 in
1232 3345 1350 3412 regione

90 3404 235 3477 subalpina
258 3409 373 3464 montis
394 3409 646 3482 blasmeneudagh
669 3411 778 3484 (Ball),
800 3414 941 3468 Armenia
967 3427 1058 3484 prope
1082 3412 1191 3468 Baibut
1206 3413 1356 3485 (Bourgtt

92 3474 174 3545 Regio
187 3480 354 3535 Caucasica
368 3481 515 3552 (Ledeb.)
528 3483 628 3538 Persia
640 3483 772 3538 borealis
787 3484 823 3538 ad
836 3483 949 3538 radices
963 3485 1074 3538 montis
1096 3483 1269 3539 Dernavend
1285 3485 1355 3554 (liy.

91 3547 361 3689 ffiaehlbffghenia
385 3553 459 3608 cirea
485 3553 577 3608 Herat
599 3553 676 3625 (Bge
691 3556 711 3623 t)
738 3558 768 3610 et
792 3555 889 3611 Cabul
913 3555 1036 3624 (Gritll)
1066 3555 1097 3610 in
1128 3553 1208 3610 valle
1239 3555 1355 3610 Kurum

123 3720 167 3775 la.
186 3723 292 3792 ilcoqr.
313 3721 436 3794 Europa
448 3725 511 3779 tota
524 3725 677 3796 presertim
692 3725 820 3781 borealis
835 3729 864 3782 et
878 3725 1357 3800 media,Sibiria‚Cbina,Tibetia‚

94 3789 215 3847 Amorica
227 3793 362 3848 borealis
374 3799 403 3848 et
414 3794 562 3850 australia.

131 3953 160 4016 3.
178 3954 220 4022 Τ.
245 3954 492 4024 Barrellerl
512 3955 612 4042 (bois.
639 3958 685 4025 Fl.
706 3956 789 4024 Gall.
810 3977 840 4042 p.
860 3960 933 4045 705)
962 3960 1139 4026 rbizomate
1168 3957 1357 4025 bulbilormi

92 4040 218 4126 oblongo
239 4045 336 4110 fibris
354 4045 518 4129 parallelis
536 4049 856 4114 anastomosantibus
873 4051 1004 4128 vestito,
1020 4049 1107 4115 loliis
1125 4047 1357 4114 lineari-subo-

96 4129 157 4196 latis
189 4133 465 4216 semicylindricie
499 4137 725 4202 erectioscolis
764 4155 908 4220 superne
942 4141 1032 4204 sulco
1066 4139 1221 4216 exaratis,
1258 4155 1356 4221 scapo

96 4225 189 4288 erecto
210 4225 261 4288 rel
287 4223 477 4291 ascendenti
493 4224 577 4292 loliis
591 4227 645 4292 vix
662 4225 807 4308 longiore
825 4227 858 4292 in
878 4245 1043 4293 racemum
1067 4227 1201 4295 brevem
1227 4226 1356 4292 laxius·

96 4309 193 4376 cutum
223 4313 380 4390 abeunte,
407 4313 574 4395 pedicetlis
602 4315 709 4381 lrocta
739 4315 996 4399 subaquilongis
1024 4316 1355 4399 erecto-patentibus,

99 4393 192 4466 tractu
208 4401 459 4484 erecto-patenti
483 4402 619 4487 oblongo
628 4405 750 4472 lineari
770 4423 915 4490 superne
930 4409 1108 4482 attenuato,
1125 4405 1276 4487 carpellis
1296 4403 1358 4469 tri-

99 4481 152 4552 buo
175 4489 402 4558 subterctibus
422 4488 463 4556 ab
485 4492 538 4557 ari
563 4493 707 4577 primum
730 4513 748 4560 a
772 4499 865 4578 parte
888 4493 1036 4562 inferiori
1053 4493 1284 4562 secedentibus
1302 4501 1357 4566 lt.
