3242 5124
296 1226 461 1330 ruso.
501 1226 565 1330 u.
597 1226 990 1332 rrorrrroonnr
1017 1159 1337 1334 'aasentias

535 1538 660 1616 0111).
683 1537 865 1614 Gxfflv.
896 1532 1104 1613 Flhlclds

670 1737 774 1827 (tuso.
794 1738 876 1808 Gen.
900 1740 964 1825 lt).

218 1937 365 2006 Frondes
377 1955 395 2004 e
409 1937 587 2004 rhivomate
605 1934 797 2003 loliilormes
815 1937 1009 2003 vernatione
1030 1937 1156 2019 saepius
1172 1935 1360 2004 oiroiuoatae
1373 1937 1457 2005 lucie

174 2028 323 2097 interiori
344 2027 519 2111 spornngia
540 2025 642 2092 libero
660 2027 711 2091 vel
735 2025 769 2091 in
791 2042 888 2091 aoros
906 2031 1080 2108 aggregato
1098 2024 1275 2092 uniformia
1300 2027 1455 2094 terentes.

174 2115 331 2184 Arvuulos
350 2115 506 2182 elastious
525 2115 609 2181 circo
627 2115 841 2196 sporungium
861 2115 914 2180 vel
936 2114 1062 2182 nullus.
1084 2111 1158 2181 Sori
1181 2115 1262 2181 nudi
1280 2116 1332 2182 val
1352 2133 1455 2182 ruem·

173 2207 277 2274 brand
293 2203 460 2290 (indusio)
476 2203 563 2272 tecti.
580 2239 623 2251 -
644 2203 763 2269 Herhae
778 2202 828 2290 (in
849 2203 1004 2289 nostris),
1019 2203 1207 2289 sepissima
1223 2220 1401 2288 perennes.
1414 2241 1454 2254 -

176 2295 301 2363 Planlae
318 2299 509 2363 terrestres.

298 2513 367 2588 Tu.
398 2514 425 2588 I.
453 2509 854 2588 OPHIOGLOSSEAE.
869 2552 915 2566 -
939 2511 982 2585 R.
1009 2511 1071 2588 Br.
1096 2511 1229 2586 Prodr.
1247 2510 1331 2585 163.

220 2711 400 2796 Sporaugia
432 2710 561 2776 sessilia
587 2709 689 2776 libero
721 2709 773 2774 vel
802 2707 1005 2776 suhoonnata
1038 2709 1237 2776 exonuulata
1263 2713 1459 2778 transverse

176 2801 377 2870 dehiscentia
395 2799 537 2866 bivalvia
556 2798 781 2868 uuiluuulariu.
796 2797 968 2864 indusium
987 2799 1128 2865 nullum.
1147 2833 1188 2844 —
1208 2797 1312 2865 Frons
1338 2814 1459 2866 verna-

176 2893 263 2958 tione
281 2895 390 2957 ereota
409 2888 564 2972 bipartita
582 2888 733 2971 partibus
758 2885 932 2971 petiolatis,
951 2906 1029 2969 pars
1057 2886 1160 2955 altera
1178 2891 1315 2953 externa
1332 2887 1461 2954 sterilis

175 2980 319 3062 follares,
336 2979 437 3046 altera
454 2977 573 3044 fertilis
589 2977 629 3042 ad
651 2975 815 3043 raohidem
838 2975 974 3042 redorta
996 2977 1187 3061 composita.

497 3210 745 3288 novrvonron
770 3211 847 3308 (sl.
874 3213 949 3308 syl.
978 3231 1008 3308 p.
1036 3209 1132 3307 ur).

219 3414 324 3482 Frons
349 3413 472 3482 sterilis
501 3414 645 3497 pinnata,
672 3413 723 3479 vel
750 3412 943 3495 composita.
971 3410 1098 3477 frondis
1125 3411 1244 3478 lertilis
1281 3412 1458 3495 sporangia

175 3505 278 3572 libero
291 3505 325 3570 iu
347 3503 456 3588 spicas
472 3503 670 3587 compositas
688 3503 739 3567 vel
764 3501 1033 3584 subponieulatas
1050 3500 1190 3567 disticha
1215 3499 1386 3584 disposita.

221 3667 251 3736 l.
266 3669 311 3740 B.
326 3669 524 3737 Lunaria
539 3667 589 3754 (L.
611 3667 668 3753 Sp.
693 3669 777 3734 1519
796 3667 860 3735 sub
879 3665 1065 3750 Osmvrndd)
1090 3666 1206 3733 froude
1224 3667 1329 3734 sterili
1348 3669 1458 3735 solito·

35 3779 38 3786 ·
177 3760 227 3826 rid
246 3758 385 3840 oblongi
403 3759 558 3841 petiolum
580 3756 706 3825 lroudis
732 3757 850 3824 fertilis
867 3757 909 3824 ad
937 3757 1081 3823 medium
1101 3756 1245 3822 adnatinv
1264 3757 1460 3825 involvente

177 3847 426 3932 pinnatipartitd
456 3848 564 3930 pinnis
594 3846 1008 3914 curreatosemiluuaribus
1027 3848 1078 3912 vel
1100 3845 1459 3914 renuardi-rhomboi-

177 3937 248 4004 deis
265 3936 403 4019 integris
420 3937 562 4004 dentatis
587 3936 780 4016 saltuosis,
801 3936 953 4019 puuieuld
970 3935 1069 4000 fertili
1090 3939 1232 4019 angusti
1256 3932 1308 4001 bis
1328 3936 1380 4001 vel
1408 3941 1459 4003 ter

177 4024 699 4197 ιῖηὲἶὲῗεὶῑὲῐᾏῄἔοίτμοὴὶανη
721 4023 874 4090 Lonorio
893 4025 958 4091 va.
982 4023 1062 4108 Syn.
1098 4025 1171 4090 til.
1200 4025 1242 4091 Io.
1273 4023 1368 4092 Sohk.
1387 4027 1458 4092 lto.

212 4227 290 4282 Hah.
310 4227 342 4283 in
358 4227 452 4299 pratis
467 4226 637 4300 subalpinis
652 4229 681 4282 et
702 4225 813 4299 alpinis
848 4226 891 4282 Ca
914 4224 1041 4298 padooia
1062 4226 1094 4281 iu
1120 4227 1220 4282 monta
1244 4226 1353 4297 Argao
1379 4225 1461 4284 6600'

176 4298 244 4369 (Bal
254 4301 285 4368 l),
299 4299 396 4354 Ponto
407 4298 514 4354 Lazioo
530 4314 619 4370 supra
633 4297 738 4370 Djimil
756 4269 826 4360 (Bal
836 4299 866 4424 lg,
906 4311 1017 4353 auonso
1030 4297 1077 4367 (G.
1099 4299 1134 4352 Α.
1149 4296 1252 4368 Mey.)‚
1264 4312 1350 4424 grav.
1374 4297 1459 4354 Kho-

175 4369 503 4513 gagssffiol’ffiilacohisster
523 4369 675 4442 Niohapur
700 4372 729 4425 et
758 4359 839 4426 Maso
863 4367 900 4424 ed
922 4367 1032 4440 (Ege),
1056 4366 1218 4439 Alighanie
1245 4383 1263 4424 e
1310 4368 1459 4426 Chendtoi

212 4540 259 4595 Ar.
276 4541 380 4610 Goopr.
399 4538 522 4610 Europa
538 4537 667 4595 borealis
688 4539 718 4594 et
742 4537 840 4594 media
860 4537 899 4592 ad
915 4535 1095 4620 Hispaniam
1120 4541 1149 4593 et
1173 4535 1290 4594 Italiam
1318 4537 1465 4596 centrales

178 4625 282 4683 usqua,
295 4609 414 4684 Sitriria,
433 4609 571 4667 Ameriae
584 4609 723 4682 borealia,
742 4609 830 4667 Nova
841 4607 1013 4665 Holleudra.
