3260 5112
144 361 260 418 Arena.
697 377 867 420 erumnam
1367 363 1421 420 541

142 487 272 552 interne
288 487 400 566 tortili,
427 488 519 569 palea
540 488 717 556 biearinata
734 458 910 556 bidentata.
931 486 1121 572 squamata
1149 487 1242 554 binae.
1272 486 1420 555 Stamina

144 577 220 642 tria.
247 576 404 643 Ovarium
428 595 574 661 superne
594 579 745 663 pilosum.
769 577 925 660 Stigmata
951 580 1027 644 bina
1053 578 1247 646 subsessilia
1273 578 1422 660 plumosa

145 665 331 731 terminalia
360 667 541 733 lateraliter
566 668 778 751 emergentia.
803 665 980 751 Carpopsis
1006 667 1251 734 sublusilormis
1277 684 1422 750 superne

145 756 262 820 saltem
281 754 381 837 pilosa
401 758 514 822 ventre
534 757 657 823 sulcata
673 757 800 823 macula
817 756 914 821 hilari
929 758 1080 839 elongata
1098 757 1198 824 libera
1212 755 1271 824 sed
1284 756 1423 838 glumel·

146 845 187 909 lis
206 849 296 909 arcte
315 844 471 910 involuta
492 881 533 892 -
551 846 668 913 Herbae
684 846 821 928 spiculis
841 845 966 928 magnis
994 846 1045 911 vel
1078 847 1269 930 maJusoulis
1290 845 1423 928 panion-

147 933 231 999 latis.
253 969 292 982 -·
312 932 523 1001 Charaeleres
547 938 725 1002 sectionem
741 940 774 1000 et
798 932 1042 1002 subselliorum
1067 936 1143 1001 ael.
1166 933 1291 1001 llosson
1315 932 1423 1017 quoad

147 1023 280 1088 modum
306 1020 544 1090 artieulationis
566 1042 667 1091 areos
687 1030 720 1092 et
744 1043 762 1088 a
785 1023 822 1088 ul.
841 1023 946 1089 Dural
966 1024 1073 1090 touve
1096 1025 1204 1108 quoad
1228 1023 1341 1091 aristae
1358 1024 1423 1090 lor·

147 1130 233 1176 mem
252 1113 496 1195 propositarum
516 1119 650 1180 secutos
671 1132 757 1181 sum.

148 1392 241 1460 Sner.
277 1391 303 1455 Ι.
339 1388 545 1458 EUAVENA
576 1391 633 1458 Gr.
672 1399 704 1460 et
735 1391 835 1460 Godr.
868 1429 906 1441 -
937 1392 1077 1477 Spioniae
1102 1393 1235 1460 demum
1257 1393 1421 1477 pendulae.
1466 1410 1469 1417 ·
1577 1355 1581 1365 .

373 1480 500 1548 Glumae
528 1483 732 1549 i·9-nerviae.
757 1483 865 1548 Radix
884 1501 1004 1548 annua.
1032 1481 1153 1549 Aristae
1179 1501 1257 1567 pars
1289 1483 1426 1550 inlerior

374 1570 553 1652 cylindrico
572 1577 605 1637 et
622 1571 745 1638 bisulca
766 1572 898 1638 demum
915 1573 1036 1656 saepius
1051 1571 1239 1638 cochleatim
1255 1576 1350 1638 torta.

149 1840 168 1924 ἓ
185 1840 208 1905 1.
224 1839 390 1909 Satlvae
406 1840 498 1907 Coss.
519 1876 562 1890 -
581 1840 695 1907 Floras
720 1859 793 1906 uum
814 1841 946 1908 raehide
975 1860 1040 1910 non
1058 1842 1222 1910 articulati
1238 1846 1271 1908 et
1296 1845 1425 1909 tantum

580 1929 684 2013 ipsius
700 1930 857 1997 fractione
874 1931 990 1997 soluti.

200 2143 229 2203 l.
256 2139 302 2205 A.
331 2139 481 2206 sativa
508 2136 562 2223 (L.
582 2139 637 2222 Sp.
658 2138 735 2223 118)
757 2139 906 2220 panicula
927 2139 1073 2224 undique
1092 2139 1225 2218 diffuso,
1250 2139 1385 2223 spiculis
1408 2142 1428 2206 Ξ

152 2229 262 2294 rarius
282 2228 426 2304 S-lloria
445 2229 566 2310 glumis
583 2229 777 2294 atterminatis
789 2228 943 2295 flosculos
956 2229 1346 2312 superantibus,ruchiue
1361 2232 1428 2312 gla-

154 2319 216 2383 bra
242 2318 292 2382 vel
319 2317 360 2382 ud
381 2318 509 2384 llosouli
542 2319 706 2384 interioris
729 2317 822 2383 basin
846 2318 1041 2384 brevissime
1061 2318 1177 2401 pilosa,
1196 2319 1333 2385 flosculo
1349 2320 1400 2385 inl
1416 2355 1431 2366 ·

155 2407 244 2472 riore
265 2407 438 2472 subsessili
462 2407 608 2487 aristeto,
631 2407 804 2488 superiore
817 2408 939 2489 saepius
957 2407 1087 2484 mutire,
1106 2413 1247 2491 utroque
1262 2408 1429 2475 interdum

154 2496 286 2577 mutioo,
305 2495 460 2578 plumella
475 2497 565 2578 epioe
586 2496 731 2563 breviter
752 2496 918 2564 bidentata
946 2497 987 2561 ad
1012 2495 1156 2562 medium
1177 2497 1313 2564 arietati
1328 2498 1430 2563 arista

152 2585 281 2651 inferne
300 2586 402 2650 tortili
422 2591 471 2662 Θ.
484 2584 567 2651 Host
582 2582 692 2651 Gram.
709 2589 732 2650 t.
750 2586 805 2651 56.

190 2710 372 2782 Frequenter
385 2710 473 2765 culta.

201 2890 231 2955 Ξ.
256 2891 308 2955 Α.
333 2888 578 2957 orientalis
600 2889 750 2975 (Sehreb.
771 2887 856 2971 Spio.
877 2887 935 2972 52)
959 2886 1111 2972 panicula
1133 2888 1431 2958 contracto-subse-

150 2979 274 3050 oundt.
297 2979 433 3062 spiculis
458 2979 594 3056 billoris,
622 2978 742 3061 glumis
773 2977 968 3044 acuminatis
998 2977 1155 3044 flosculos
1183 2977 1430 3060 superantibus,

156 3068 288 3134 raehide
305 3068 418 3151 glabra
439 3069 489 3133 vel
514 3069 554 3134 ad
581 3068 708 3134 llosculi
730 3065 895 3133 inferioris
911 3066 1004 3133 basin
1026 3065 1180 3151 pilosum,
1201 3065 1337 3133 lloseulo
1352 3066 1432 3134 inie-

153 3158 245 3223 riore
264 3158 372 3225 sessili
399 3161 540 3239 utroque
561 3159 697 3223 aristeto
721 3158 771 3221 vel
801 3155 975 3238 superiore
1003 3155 1135 3234 motion,
1158 3156 1311 3237 glumeltt
1341 3157 1432 3240 apios
1460 3166 1464 3172 '

156 3245 354 3315 denticulato
372 3246 413 3312 ad
432 3246 575 3312 medium
591 3247 739 3325 aristote,
760 3244 862 3311 arlelt
880 3247 969 3311 reeta
986 3246 1038 3312 vel
1055 3244 1204 3312 flexuose
1222 3245 1351 3314 inferne
1367 3264 1433 3312 non
1510 3313 1513 3317 .

155 3336 261 3402 tortili
282 3343 332 3414 Θ.
350 3334 433 3402 Host
450 3333 560 3400 Gram.
577 3335 641 3400 tub.
662 3337 715 3401 llll.

195 3461 272 3518 Hine
284 3460 354 3518 inde
367 3476 435 3518 oum
448 3461 486 3517 A.
501 3457 600 3519 satiari
614 3462 787 3517 intermixta
801 3461 889 3517 culta.

203 3645 233 3707 3.
253 3642 298 3710 Δ.
322 3641 525 3727 εῐτίᾳοεα
541 3639 692 3725 (Sehreb.
713 3639 789 3725 Spio
821 3640 880 3726 aa)
899 3637 1051 3723 panicula
1064 3639 1283 3719 subsecundo,
1300 3638 1436 3726 spiculis

156 3731 297 3811 infleris,
315 3731 436 3813 glumis
452 3729 737 3814 subinaequalibns
762 3729 918 3796 flosculus
935 3729 1033 3812 paulo
1055 3730 1294 3812 superantibus
1314 3729 1436 3797 neumi-

157 3819 409 3900 notis,raul1ide
429 3820 703 3902 praeterpitornm
722 3817 911 3886 fasciculum
929 3818 971 3884 ud
988 3816 1080 3885 basin
1099 3818 1229 3886 flosculi
1252 3819 1436 3900 superioris

155 3910 282 3993 glabra,
308 3908 444 3975 lloseulo
472 3909 629 3977 interiore
656 3909 868 3992 substipitato
897 3911 1041 3992 ntrpque
1071 3908 1121 3973 vel
1147 3908 1250 3975 altero
1281 3907 1437 3991 stipitum,

98 4053 102 4059 .
154 3997 315 4082 plumella
327 3997 418 4081 apice
430 3996 529 4064 bifida
547 3999 630 4065 lobis
650 4000 745 4080 longe
761 3997 907 4064 aristatis
925 4013 1043 4063 versus
1060 3995 1206 4064 medium
1225 3996 1326 4064 arista
1343 3997 1438 4080 longt

158 4086 288 4156 interne
298 4087 401 4154 tortili
417 4086 525 4153 obsita
538 4093 587 4165 Θ.
604 4086 689 4154 Host
712 4086 824 4154 Gram.
841 4085 906 4151 tab.
927 4086 980 4150 56.

156 4212 270 4356 logya}
298 4214 329 4268 in
361 4213 454 4285 pratis
491 4213 529 4269 ad
556 4228 639 4269 mare
670 4213 813 4285 Caspium
839 4211 916 4269 inter
945 4211 1062 4269 Sollion
1090 4215 1120 4268 et
1150 4210 1310 4269 Lenkoran
1336 4210 1383 4283 (G.
1400 4213 1436 4270 Α.

192 4400 245 4457 Ar.
264 4398 366 4471 (ieeur.
380 4398 415 4456 In
428 4399 548 4473 Europa
560 4398 674 4458 boreali
688 4401 718 4455 et
730 4397 830 4455 medie
845 4398 925 4455 onita
947 4400 976 4455 et
990 4395 1223 4470 subspontanaa
