3262 5114
762 359 932 404 dalmatam

662 627 819 706 ruuuuu
843 627 877 724 (ι
913 629 949 704 a.
980 629 1049 724 u).

252 846 392 933 Spiculae
407 844 683 928 llermapbuoditae
699 842 851 910 unillorae
862 860 950 926 saepe
966 841 1007 907 ad
1024 841 1117 910 basin
1128 842 1292 925 glumellae
1303 839 1488 923 superioris

204 937 395 1004 rudimento
416 935 661 1017 pedicelliiormi
680 933 857 1015 stipatam
876 931 1059 1015 paniculum
1078 932 1300 1014 spicilormem
1323 931 1375 996 vol
1400 928 1489 1012 capi-

206 1032 306 1094 tatam
320 1029 492 1107 congestae.
511 1021 639 1090 Glumae
658 1023 743 1089 binae
762 1023 849 1089 inter
862 1040 898 1090 se
916 1021 1027 1087 libera
1047 1021 1256 1105 sirbaeqnales
1280 1019 1490 1086 naviculares

207 1115 362 1182 carinatae
381 1112 573 1180 acuminatae
591 1112 640 1178 vel
662 1112 695 1176 in
715 1112 849 1178 aristam
868 1110 1045 1194 productae.
1060 1109 1223 1178 Glumella
1239 1115 1271 1175 et
1284 1108 1376 1194 palea
1389 1124 1491 1172 mem-

206 1205 377 1270 branaceae
394 1201 493 1268 dorso
510 1219 574 1267 nun
592 1201 735 1266 aristatae
763 1201 817 1266 illa
836 1204 987 1266 truncata
1008 1197 1076 1264 baec
1092 1200 1281 1266 bicariuala.
1299 1197 1489 1280 Squamulae

207 1294 295 1360 binae
320 1291 431 1359 rarius
448 1291 558 1357 nullae.
577 1289 722 1356 Stamina
740 1290 812 1354 tria.
830 1287 913 1372 Styli
931 1287 1010 1365 bini,
1027 1289 1178 1370 stigmata
1196 1290 1288 1371 longa
1314 1287 1418 1370 pilosa
1449 1305 1490 1352 ex
1557 1337 1560 1344 a

207 1383 300 1465 apice
318 1381 454 1464 spiculae
474 1379 672 1462 emergentia
690 1376 867 1461 Garyopsis
880 1378 1017 1446 eborata
1036 1379 1087 1444 val
1102 1379 1238 1460 oblonga
1256 1397 1273 1442 a
1294 1375 1393 1442 latere
1410 1377 1490 1442 sub-

209 1489 399 1553 compressa
434 1469 560 1535 macula
594 1469 690 1534 hilari
723 1468 943 1550 punctilormi,
968 1468 1056 1532 inter
1088 1467 1261 1550 glumellas
1297 1466 1411 1532 libera.
1446 1501 1489 1510 —-

210 1559 329 1625 Herbae
343 1577 462 1624 annum
480 1558 533 1623 vel
545 1574 711 1641 perennes
728 1557 808 1622 lanio
830 1557 1014 1640 dlopocurt.
1042 1556 1200 1624 Absentie
1232 1557 1285 1620 vel
1314 1554 1488 1638 praesentia

210 1648 390 1716 rudimenti
409 1647 628 1731 stipitilormis
643 1645 887 1732 [rncdtmcntum
896 1645 1033 1729 flosculi
1047 1644 1234 1726 superioris
1254 1645 1363 1724 Auct,
1381 1641 1490 1708 arieto

210 1736 457 1803 radlnmutura'u
471 1735 635 1818 gltlmalloe
650 1733 836 1816 capacioris
854 1731 1002 1822 Griseb.)
1020 1737 1140 1820 sapius
1167 1753 1255 1818 aegre
1277 1732 1488 1816 dignoscendi

207 1827 250 1892 ad
268 1829 430 1894 sectiones
459 1825 706 1892 constituendas
728 1842 791 1890 non
809 1826 904 1892 valet.

779 2018 788 2037 '
806 2018 925 2073 Annua.

257 2176 290 2241 l.
309 2176 383 2244 Ph.
402 2182 537 2244 tenue
555 2176 702 2256 (Schrad.
726 2174 836 2242 Germ.
856 2176 881 2253 l,
907 2195 938 2260 p.
971 2177 1048 2260 191)
1074 2195 1220 2242 anrruum
1242 2176 1366 2256 saepius
1387 2177 1491 2259 pluri-

212 2268 329 2344 culme,
348 2266 466 2332 culmis
484 2267 603 2332 erectis
624 2265 878 2332 ascendentibus
909 2266 1023 2348 rigidis
1050 2266 1220 2340 tenuibus,
1248 2265 1333 2332 loliis
1352 2272 1493 2348 auguste

212 2355 394 2423 linearibus
413 2356 559 2438 margine
576 2355 717 2437 asperis,
734 2355 884 2438 panicula
902 2355 1080 2437 spicilormi
1110 2357 1205 2436 longe
1221 2355 1399 2438 cylindrlod
1418 2373 1493 2435 gra-

213 2446 264 2512 cili
305 2444 502 2511 densissima
530 2444 792 2526 glauco-virenti,
821 2443 956 2526 spiculis
984 2443 1298 2526 plano-compressis
1329 2444 1492 2526 ellipticis

213 2535 335 2616 glumis
352 2535 506 2600 coriaceis
524 2533 646 2615 glabris
663 2533 852 2600 sumiovatis
877 2533 976 2600 dorso
1000 2535 1184 2598 introrsum
1208 2533 1355 2598 curvatis
1383 2534 1493 2599 acutis

214 2623 451 2689 naucronulatis
470 2621 578 2688 valide
596 2628 628 2687 et
648 2628 773 2687 remote
793 2623 962 2690 trinerviis
984 2622 1250 2700 conniventibus,
1276 2621 1431 2704 glumelld
1460 2629 1494 2688 et
1528 2697 1530 2700 ,

216 2713 307 2795 paled
333 2712 590 2777 membranaceis
619 2712 730 2794 giumd
758 2711 892 2777 dimidio
915 2711 1125 2777 brevioribus
1150 2711 1410 2794 suboequilongis
1436 2711 1492 2777 illd

212 2801 459 2884 quinquenervi
475 2804 571 2868 ovata
584 2804 733 2866 truncati
749 2800 1340 2883 denticulatdpaledangusldbluervi
1359 2807 1394 2877 Θ
1410 2799 1504 2867 Host·

214 2893 327 2957 Auula.
344 2891 407 2956 tab.
426 2891 477 2955 36.
496 2926 538 2935 —
558 2889 619 2955 Pb.
634 2888 786 2954 Ballardt'
805 2887 914 2954 Willd.
931 2890 1049 2954 Eoum.
1068 2889 1143 2954 Ber.
1169 2889 1194 2970 Ι,
1212 2909 1244 2972 p.
1267 2893 1319 2954 85.
1342 2926 1383 2936 -
1404 2887 1493 2954 Pbo-

214 2978 298 3043 laris
323 2977 459 3044 buldoso
489 2978 520 3042 b.
548 2979 673 3044 Amaen.
690 2980 723 3051 d,
745 2999 774 3061 p.
796 2980 870 3046 tol.
896 3014 936 3024 -
970 2977 1126 3042 Phalaris
1152 2977 1309 3044 sucatum
1335 2977 1424 3046 Sari.
1453 3015 1491 3026 -

215 3065 374 3132 Phalaris
393 3067 579 3149 optinui-ton
597 3068 635 3132 D.
656 3065 688 3132 C.
711 3069 759 3134 ΙΙΙ.
782 3067 833 3132 Fr.
852 3067 913 3144 ΙΙΙ,
933 3086 964 3149 p.
989 3069 1041 3132 ll.

251 3180 329 3236 Hab.
351 3182 383 3235 in
404 3179 539 3236 herbidis
562 3182 647 3236 siccis
667 3182 798 3252 regionis
816 3180 956 3234 littoralis
978 3185 1007 3236 et
1026 3185 1176 3236 montanae
1196 3197 1214 3235 a
1235 3182 1349 3237 Graecia
1373 3185 1402 3236 ct
1428 3183 1495 3252 ejus

215 3251 334 3320 insuite,
346 3251 521 3306 Macedonia
535 3253 564 3306 et
576 3253 704 3307 Thracia
716 3251 839 3320 (Griseb
847 3254 869 3320 l)
882 3251 920 3305 ad
929 3251 1101 3308 Anatoliam
1113 3253 1326 3308 occidentalem
1338 3257 1367 3307 et
1377 3256 1494 3308 austra-

215 3321 298 3390 leml,
313 3323 431 3393 Syriam
447 3323 608 3378 littoralem
624 3328 652 3379 et
663 3324 845 3379 Palestinam
860 3322 978 3390 [Boisel
992 3323 1042 3379 Bl!
1059 3323 1176 3392 Geillll,
1196 3323 1338 3379 Tauriam
1358 3328 1388 3380 et
1409 3339 1494 3396 prov.

215 3393 392 3450 Caucasicas
407 3392 445 3449 ad
457 3393 599 3465 Caspium
613 3395 658 3464 (C.
676 3396 710 3449 b.
727 3393 819 3464 Moy).

261 3493 284 3576 β
312 3491 469 3558 cibutum.
491 3530 530 3540 -
557 3491 683 3559 Glumae
702 3494 741 3558 ad
767 3496 910 3560 carinam
928 3497 1054 3562 cilialae.
1083 3496 1134 3560 Ab
1159 3497 1248 3562 alfini
1272 3494 1330 3560 Pb.
1354 3499 1495 3560 exorato

214 3583 337 3664 glumis
357 3601 501 3665 superne
521 3584 701 3650 introrsum
724 3601 785 3648 nec
801 3589 989 3651 extrorsum
1007 3587 1152 3650 clareatis
1171 3585 1439 3668 dignoscendum.

253 3697 330 3752 Hab.
345 3697 376 3751 in
391 3696 493 3752 insula
505 3697 581 3768 Syra
597 3696 747 3768 (Weissl)‚
762 3697 869 3753 Rhodo
882 3697 1031 3769 (Bourgl).

254 3797 301 3851 Ar.
316 3795 420 3866 deogr.
435 3795 529 3865 Regio
547 3795 761 3851 mediterranea
774 3795 902 3867 Europae
917 3811 935 3852 a
951 3795 1049 3852 Gallia
1065 3797 1190 3852 australi
1203 3797 1240 3852 ad
1256 3797 1449 3854 Dalmatiam.

262 3960 293 4023 t.
309 3957 387 4023 Ph.
416 3961 653 4024 exaratum
686 3957 833 4042 (Hocbst.
858 3960 891 4024 in
915 3960 986 4042 ily,
1017 3961 1111 4042 Alep.
1140 3959 1242 4025 Kurd.
1262 3959 1377 4026 Sebed.
1400 3961 1497 4034 lect>

217 4065 365 4114 anrluum
385 4047 509 4131 saepius
526 4048 723 4130 pluriculme
739 4049 857 4114 culmis
878 4049 996 4114 erectis
1013 4055 1045 4114 ot
1063 4049 1317 4114 ascendentibus
1334 4049 1497 4132 rigidulis,

217 4137 303 4202 loliis
324 4136 644 4202 lineari-lanceolatis
662 4137 808 4217 margine
828 4138 964 4219 scabris,
983 4138 1132 4222 panicula
1150 4138 1329 4222 spicilormi
1350 4139 1444 4220 longe
1464 4145 1497 4203 et

213 4227 321 4293 dense
337 4225 528 4307 cylindrica,
549 4225 683 4308 spiculis
704 4225 1015 4309 plano-compressis
1046 4227 1161 4306 oratis,
1184 4227 1303 4308 glumis
1330 4227 1497 4293 subcoria·

216 4315 285 4381 eeis
321 4311 469 4396 oblongis
506 4315 592 4379 inter
626 4333 746 4381 neruos
778 4320 846 4380 tres
878 4316 1024 4382 elevatos
1058 4317 1200 4382 exaratis
1225 4335 1321 4382 sectis
1353 4317 1494 4382 carinam

219 4421 366 4485 superne
397 4421 493 4485 parce
522 4402 639 4468 ciliatis
669 4403 862 4469 acuminatis
887 4409 920 4470 et
946 4405 1036 4487 apice
1061 4411 1248 4472 extrorsum
1275 4406 1496 4485 subcurvatis,

218 4492 373 4573 glumelld
397 4497 430 4557 et
451 4493 542 4575 pelet
569 4493 680 4574 glumd
709 4492 959 4576 subquadruplo
981 4493 1188 4561 brevioribus
1208 4495 1270 4560 sub
1292 4495 1377 4561 lente
1394 4493 1497 4578 pube-
