3142 5102
194 292 231 349 28
252 335 254 347 .
740 307 923 350 satanacam
1359 295 1484 352 Naias.

193 419 340 484 breviter
359 415 540 484 linearibus
559 415 675 500 crispis
692 417 726 483 in
747 419 876 486 aculeos
901 423 1112 485 transversos
1137 421 1249 486 acutos
1269 418 1486 487 creberrime

197 513 229 576 et
246 507 408 591 profunde
425 506 564 572 serratis
585 512 636 586 Θ.

232 619 307 676 Hab.
319 619 349 674 in
367 633 385 672 a
407 619 454 673 uis
463 618 573 688 Egypti
587 618 734 673 inferioris
745 618 785 674 ad
795 619 931 686 Ramluh,
945 619 1019 676 Kslr
1032 621 1144 690 Daour,
1156 594 1495 690 Rosettathelourn.)

196 688 363 746 Faraslaour
386 634 470 758 ffbell
499 689 610 757 Ehrbi)
650 689 798 745 Damiatae
832 691 944 761 (Siebll
974 692 1012 746 ad
1051 691 1150 746 lisbeh
1182 707 1272 764 prope
1303 691 1484 748 Damiatam

196 761 522 888 (hSiglenufflrrngtlslegeayum
534 776 577 834 pr.
591 732 709 816 mecine
728 760 896 830 (Schweini
900 766 906 817 Ι
923 765 952 818 et
965 761 1184 818 Blrkat-Karun
1207 763 1256 832 (G.
1280 763 1387 834 Rothi)
1403 766 1488 820 Ara·

233 928 342 984 Caules
357 931 386 982 et
401 927 476 983 lolia
492 928 534 982 eis
547 927 582 982 N.
598 927 725 999 may'orn
736 930 907 1000 angustiora
925 929 1058 986 crebrius
1068 934 1096 986 et
1107 931 1200 1003 crispe
1211 931 1354 1003 aculeata,
1372 946 1486 988 semen

198 1000 248 1068 (ex
260 999 432 1070 Chamiaso)
453 997 553 1054 minus
567 999 687 1055 bravius
701 1004 833 1056 ovatum.

199 1177 291 1246 Saos.
309 1179 349 1243 ΙΙ.
367 1177 521 1245 Gnosiam
538 1177 680 1260 (Wmnn.
699 1180 799 1246 Ascla.
819 1179 964 1266 locuit).
993 1217 1035 1227 -
1059 1181 1172 1247 Floras
1197 1181 1332 1247 monoici
1354 1182 1489 1264 saepius

379 1269 554 1350 aggregati.
582 1268 793 1334 involucrum
823 1269 915 1335 lloris
951 1270 1084 1336 nlasculi
1111 1270 1259 1337 alterins
1288 1269 1489 1337 tubulcsum

381 1358 487 1423 medio
512 1359 733 1436 ventricosum
753 1358 844 1440 apice
867 1358 1101 1424 denticulatnm
1129 1360 1180 1423 rel
1202 1359 1487 1440 campanulatnm.

377 1445 523 1512 Antberu
541 1445 593 1527 (N.
614 1446 770 1522 minoris)
794 1447 918 1513 evalvis
948 1449 1038 1530 apice
1062 1447 1192 1514 tandem
1225 1448 1340 1514 lacera.
1358 1445 1496 1514 Gaulos

377 1553 441 1600 non
462 1536 612 1602 aculeati.

244 1673 273 1736 e.
292 1671 339 1737 N.
360 1672 509 1740 minor
536 1672 605 1757 [All
631 1673 709 1740 Ped.
742 1675 772 1738 t.
797 1693 826 1756 p.
853 1672 933 1758 ill)
949 1675 1041 1739 caule
1065 1691 1208 1748 ramoso,
1227 1674 1311 1739 loliis
1339 1680 1492 1757 anguste

201 1761 378 1828 linearibus
394 1762 578 1828 recurvatis
606 1763 719 1844 rigidis
745 1765 891 1847 margine
909 1768 1034 1828 remote
1058 1761 1399 1844 dentato-spinulosis.
1430 1783 1492 1828 va-

198 1849 282 1934 ginis
301 1869 446 1932 superne
459 1851 801 1932 ciliaco-denticulatis,
815 1852 952 1918 anthera
968 1851 1174 1930 uniloculari‚
1194 1853 1320 1918 semina
1337 1858 1489 1935 anguste

197 1939 537 2023 ellipticc-cylinrlrico
568 1946 616 2017 Θ.
645 1938 730 2006 Nees
761 1939 840 2008 Gen.
875 1939 986 2006 Germ.
1010 1939 1052 2005 Ic.
1091 1975 1129 1986 -
1161 1939 1313 2006 Corcltnio
1337 1939 1492 2022 fragilis

204 2028 400 2094 willenci.
422 2027 527 2095 Berol.
548 2028 644 2111 clleo,
662 2049 692 2112 p.
711 2033 765 2110 88,
785 2030 847 2096 lab.
865 2031 888 2096 Ι.

237 2139 317 2195 Hab.
335 2141 366 2196 in
388 2139 475 2211 aquis
499 2140 609 2212 Egypti
628 2140 777 2197 inferioris
800 2141 879 2209 (Deli
900 2142 1019 2212 Ehrb.i)
1034 2143 1065 2198 in
1085 2142 1154 2197 Oasi
1178 2145 1270 2211 parva
1289 2141 1420 2212 (Aseni),
1450 2143 1491 2198 in

200 2211 422 2282 Mesopotamiae
432 2212 521 2267 fossis
533 2212 610 2266 inter
624 2211 708 2268 Erbil
725 2217 755 2267 ct
766 2212 857 2268 Altun
871 2213 1005 2282 [Haussk
1017 2215 1048 2284 l),
1061 2214 1091 2269 in
1105 2211 1269 2285 paludibus
1284 2212 1372 2268 Ponti
1383 2213 1492 2270 Lazici

98 2343 100 2347 ,
200 2297 253 2408 Ero
276 2281 395 2337 aRhize
417 2281 454 2336 ad
468 2283 576 2338 ostium
588 2282 674 2338 liuvii
690 2283 817 2338 Askalos
830 2284 908 2340 Dare
927 2284 997 2352 (Bal
1008 2287 1029 2354 l)
1043 2285 1143 2339 Persia
1167 2283 1280 2338 boreali
1295 2299 1337 2354 pr.
1360 2286 1490 2340 Astera-

224 2368 242 2409 a
275 2354 317 2422 (v.
333 2352 432 2423 Baerl)
447 2356 476 2408 ct
491 2357 579 2408 austr.
595 2353 633 2408 sd
652 2354 861 2410 Kermanchah
876 2358 904 2412 et
918 2354 1047 2426 Ispahan
1063 2353 1229 2423 (Hausskn.
1244 2356 1264 2424 l)

236 2450 284 2506 Ar.
301 2451 401 2520 iioogr.
418 2449 538 2523 Europa
550 2444 657 2518 media,
676 2451 777 2506 Africa
790 2451 928 2507 borealis,

247 2575 277 2638 l.
291 2572 340 2639 N.
356 2575 592 2658 graminea
610 2573 698 2658 (Del.
712 2573 766 2653 Eg.
781 2593 809 2656 p.
821 2573 897 2652 sn,
912 2573 975 2638 tab.
995 2574 1107 2656 50,lig.
1127 2574 1162 2656 3)
1179 2573 1329 2640 caulibus
1343 2573 1497 2656 flagelli·

202 2663 362 2728 lormibns
376 2663 524 2744 ramosis,
536 2663 619 2730 loliis
642 2663 837 2728 fasciculatis
857 2667 994 2744 anguste
1008 2662 1187 2730 linearibus
1200 2663 1361 2744 elongatis
1374 2662 1491 2730 llucci·

203 2749 328 2818 dissub
346 2753 432 2816 lente
452 2751 919 2833 tenuiterspinulum-ciliciis
935 2751 1001 2816 basi
1018 2751 1174 2834 utrinque
1190 2750 1338 2816 auricula
1359 2753 1495 2818 lanceo-

203 2841 269 2905 lata
285 2839 482 2906 denticulata
507 2841 624 2921 auctis,
644 2841 780 2906 antbert
801 2843 822 2904 ll
842 2839 987 2922 ioculari,
1015 2839 1140 2904 semina
1157 2838 1404 2920 orato-oblongo
1432 2847 1491 2918 Θ.

201 2927 305 2993 anua
324 2927 523 3010 Atupncnsis
552 2929 633 2995 Poll.
667 2927 741 2994 Ver.
765 2927 825 3010 Ill,
847 2947 877 3012 p.
895 2929 948 2994 le.
971 2963 1008 2979 --
1030 2926 1067 2992 N.
1087 2926 1301 3008 sarrislipulo
1319 2929 1418 2996 Nocc.
1452 2935 1495 2997 et

204 3017 296 3083 Balb.
314 3017 368 3083 Fi.
399 3017 501 3082 Ticin.
522 3017 586 3082 lab.
608 3019 657 3082 15.

238 3127 354 3183 Habin
365 3127 452 3183 fossis
463 3117 496 3183 bt
507 3127 644 3200 oryzetis,
656 3127 790 3199 Egyptus
805 3127 927 3183 inferior
940 3127 978 3182 ad
990 3125 1139 3182 Rosettam
1155 3126 1225 3196 (Del
1233 3129 1253 3196 Ι)
1266 3131 1297 3183 et
1309 3128 1493 3184 Damiatam

204 3199 325 3270 (Elrrbl)
337 3199 441 3255 Banha
454 3199 621 3268 (Schwalnl
629 3201 657 3267 l),
670 3200 700 3252 in
714 3198 835 3255 ossibus
848 3197 961 3252 Dachel
975 3205 1003 3253 at
1018 3197 1157 3267 Chargeh
1171 3198 1339 3266 (Schweinl
1347 3201 1353 3253 l
1367 3199 1495 3272 Aseni),

203 3285 296 3342 prope
322 3269 467 3326 Kahiram
496 3269 700 3340 (schismati),
724 3270 754 3324 in
773 3267 859 3340 Syria
879 3268 1002 3324 littorali
1024 3269 1156 3342 (Gaillll‚
1177 3271 1278 3326 Persiu
1303 3270 1493 3327 occidentali

205 3355 297 3413 propo
312 3339 387 3396 Susa
401 3339 537 3410 (Haussk
548 3343 576 3409 l).

240 3437 405 3564 υὰξοοᾳς.
425 3436 511 3491 ltalia
529 3436 658 3492 borealis
670 3479 677 3506 ,
688 3435 787 3492 birico
799 3435 862 3492 bor.
879 3439 908 3491 et
922 3437 1006 3509 trop,
1028 3436 1081 3494 lnd
1096 3436 1153 3508 On,
1173 3437 1388 3511 Archipelagus
1402 3437 1492 3495 Indi-

206 3523 266 3579 cus,
322 3523 421 3579 poma.

508 3748 833 3824 0RD.CXXV1.
867 3748 1187 3822 LEMNACEAE.

625 3935 724 4024 (Link
742 3936 871 4002 Handb.
893 3941 906 3999 Ι
927 3956 957 4021 p.
978 3934 1067 4021 289).

255 4103 402 4171 Frondes
434 4110 584 4172 natantes
617 4105 772 4172 solitariae
806 4103 860 4169 vel
893 4105 1015 4187 saepius
1052 4103 1112 4168 Μ
1139 4101 1340 4168 coherentes
1373 4107 1494 4170 ovato·

208 4194 398 4260 orbiculatae
419 4193 469 4260 rel
489 4194 832 4278 oblongo-lanceolatae
854 4210 895 4258 ex
920 4192 1036 4274 pagina
1059 4187 1207 4257 inlario'ri
1231 4189 1353 4272 saepius
1374 4192 1492 4273 l·plu-

206 4299 261 4348 res
293 4281 465 4348 radicellas
499 4282 684 4350 emittentes
726 4281 840 4348 Floras
876 4281 1014 4348 monoici
1048 4279 1185 4346 masculi
1210 4283 1222 4344 l
1250 4281 1304 4346 vel
1334 4282 1352 4345 i
1387 4280 1500 4346 unico

209 4371 348 4436 stamine
372 4377 558 4438 constantes
583 4391 656 4440 cnm
684 4371 829 4437 laemineo
849 4370 962 4437 orario
986 4367 1132 4436 solitario
1159 4371 1329 4435 constante
1351 4367 1493 4436 bractea

210 4459 262 4526 vel
281 4458 396 4544 spatha
415 4461 540 4529 minuta
553 4461 671 4529 inclnsi
684 4478 742 4526 sen
761 4459 931 4538 bustuali,
946 4457 1093 4542 epagint
1108 4459 1281 4540 superiore
1294 4457 1347 4523 vel
1359 4458 1492 4524 fissura
