3262 5114
190 373 385 450 Alopecunrs.
747 390 917 434 eanmuam

277 654 528 733 attrcddltds
554 657 606 752 (l.
629 657 705 734 Gen.
728 657 768 733 ll·
792 657 848 732 78.
869 697 915 710 υ-
939 655 1173 731 Colobacbne
1192 659 1232 732 P.
1258 660 1305 733 de
1323 659 1388 756 a).

236 837 377 922 Spiculae
408 836 557 903 unitlorae
588 837 865 920 hermaphroditae
896 836 931 902 in
957 837 1141 920 paniculam
1167 838 1388 920 spicilormem
1419 841 1469 906 vel

191 929 364 1012 capitatam
382 925 518 992 densam
535 925 713 1008 disposita.
730 925 855 992 Glumae
874 925 958 991 binae
978 927 1088 993 liberae
1105 926 1156 992 nel
1173 928 1243 994 basi
1264 929 1339 1012 plus
1360 928 1471 996 minus

192 1018 289 1098 longe
298 1021 443 1083 connatce
455 1013 663 1098 snbaequales
676 1015 883 1082 naviculares
896 1018 1057 1082 carinatas.
1067 1017 1142 1082 Flos
1155 1017 1293 1083 sessilis.
1311 1015 1472 1084 Glumalla

192 1107 439 1173 membranacea
451 1105 578 1186 glumas
598 1103 798 1188 subaepuans
812 1105 931 1174 obtusa
947 1106 998 1172 vel
1015 1106 1146 1190 oblique
1174 1110 1322 1173 truncata
1349 1108 1472 1190 saepius

193 1195 396 1278 marginibus
415 1193 486 1258 basi
503 1198 642 1260 connata
662 1193 761 1259 dorso
776 1195 922 1276 cristata,
933 1195 1024 1278 palea
1041 1198 1179 1278 angusta
1194 1195 1366 1261 uninervia
1386 1214 1473 1280 saepe

192 1283 292 1356 nulla,
318 1281 506 1366 Souamulae
524 1283 632 1352 nullae.
661 1281 805 1349 Stamina
835 1283 907 1354 tria.
937 1282 1018 1366 Styli
1045 1287 1064 1348 ⁰2
1088 1303 1176 1366 saepe
1205 1285 1239 1350 in
1272 1273 1376 1353 un'um
1401 1285 1471 1353 basi

191 1374 309 1452 coalili,
322 1373 471 1454 stigmata
484 1373 633 1454 elongata
647 1371 796 1454 plumosa
808 1392 849 1440 ex
861 1373 952 1455 apice
963 1372 1277 1457 tlorisemerganlia.
1292 1373 1472 1458 Carpopsis

192 1467 287 1529 ovata
307 1461 358 1526 vel
379 1460 552 1543 oblongae
577 1463 679 1526 latere
707 1462 960 1545 subcompressa
986 1463 1113 1528 macula
1129 1462 1224 1528 hilari
1249 1465 1472 1548 punctilormi.

192 1587 235 1596 -
252 1551 368 1616 Herba
386 1567 504 1616 annuae
521 1551 570 1618 uel
586 1567 758 1633 perennes.
778 1587 820 1596 —
838 1551 935 1616 Palea
952 1551 986 1616 in
1004 1551 1043 1622 Α.
1062 1551 1219 1632 supinato
1236 1553 1472 1638 nonnullisque

192 1640 348 1706 affinibus
366 1643 399 1705 et
415 1639 447 1704 in
462 1640 698 1722 speciminibus
710 1639 886 1706 simillimis
902 1642 995 1707 adest
1010 1640 1063 1706 vel
1080 1641 1183 1723 deest,
1203 1641 1320 1708 divisio
1340 1643 1472 1724 generis

192 1731 226 1794 in
243 1731 404 1796 sectiones
426 1727 624 1795 Colobuclma
639 1734 672 1794 et
687 1727 938 1809 Ectulopccurus
954 1731 1054 1812 igitur
1072 1746 1135 1795 non
1154 1731 1324 1804 naturalis.

760 1896 768 1914 “
788 1893 899 1948 Annui.

241 2023 269 2086 l.
290 2021 336 2090 A.
356 2021 555 2106 agrestis
572 2019 624 2106 (L.
642 2019 697 2102 Sp.
716 2019 774 2105 89)
793 2037 935 2099 annuus
949 2019 1058 2087 radice
1078 2019 1338 2100 fibrosd‚culmis
1354 2023 1472 2088 erectis

192 2129 337 2196 superne
354 2110 604 2185 scabriuseulis‚
628 2109 713 2177 loliis
725 2111 797 2178 laete
812 2109 974 2176 viridibus
988 2110 1111 2190 glabris
1130 2111 1256 2194 vaginis
1267 2111 1471 2194 cylindricis,

194 2201 346 2283 particula
365 2199 545 2283 spicilormi
566 2199 744 2284 cylindrica
763 2199 919 2282 utrinque
937 2201 1106 2265 attenuata
1122 2199 1224 2267 ramis
1254 2201 1310 2266 ld
1329 2201 1473 2283 spiculus

194 2289 398 2372 gerentibus,
418 2289 539 2372 glanis
563 2291 604 2356 ad
631 2290 774 2357 medium
806 2288 955 2354 connatis
980 2288 1167 2354 lanceolatis
1190 2289 1313 2355 sensim
1334 2291 1472 2356 acutatis

193 2379 305 2446 carind
330 2383 467 2461 anguste
497 2378 591 2444 alatis
619 2385 653 2442 et
676 2377 948 2462 pubescentibus,
968 2376 1123 2457 plumella
1144 2379 1266 2460 glumis
1289 2379 1473 2462 aequilongt

195 2467 486 2534 ovato-lanceolata
503 2485 605 2550 prope
621 2468 715 2534 basin
732 2468 866 2534 cristata
883 2466 984 2533 arista
996 2467 1118 2548 grumis
1130 2469 1296 2548 subdupla
1314 2468 1474 2550 longiore,

194 2557 288 2638 palat
317 2559 408 2624 nulla
432 2562 481 2634 Θ.
507 2556 597 2638 llugl.
616 2556 687 2622 Bol.
712 2558 776 2622 tab.
796 2558 872 2622 848.
898 2591 943 2603 -
971 2555 1053 2621 Host
1086 2553 1197 2622 Grum.
1221 2553 1279 2638 Ill,
1307 2562 1327 2622 t.
1355 2559 1407 2622 tt.
1429 2593 1474 2603 —-

195 2645 297 2711 Rcbb.
320 2643 430 2714 Germ.
448 2645 470 2709 l.
488 2647 561 2712 tta.
581 2683 622 2693 -
644 2646 733 2711 Trin.
752 2644 808 2711 Gr.
833 2643 895 2732 lab.
922 2646 975 2710 at.
995 2681 1037 2693 -
1063 2644 1100 2710 A.
1119 2662 1370 2726 pnrpuruacons
1391 2645 1474 2712 Linlr

195 2733 289 2801 Linn.
308 2733 440 2808 XXVll,
456 2754 489 2819 p.
507 2737 572 2801 too
591 2734 647 2820 (en
667 2733 916 2820 descriptione).

230 2845 354 2902 Habin
367 2849 495 2918 pascuis,
508 2846 596 2903 cultis
618 2845 729 2917 saepiua
751 2845 893 2908 humidis,
918 2846 1015 2901 vineis
1037 2847 1128 2902 totius
1157 2845 1277 2900 ditionis
1303 2862 1320 2901 a
1348 2847 1475 2902 Graectat

195 2918 371 2973 Macedonia
384 2917 470 2985 (Friv
479 2921 500 2988 l)
516 2917 553 2973 ad
569 2917 687 2988 Syriam
701 2916 861 2973 littoralem
875 2921 904 2972 et
914 2919 1085 2972 interiorem
1099 2916 1166 2987 (Bll
1180 2915 1260 2972 Gaill
1272 2917 1299 2990 t),
1323 2917 1474 2988 Egyptum

194 2990 225 3043 in
236 2988 348 3046 ditione
360 2988 488 3060 Fayuml
499 2988 646 3056 (Subur),
658 2989 809 3060 regionem
822 2987 1012 3044 Caucasicam
1021 2991 1027 3042 l
1037 2989 1120 3044 Meso
1143 2988 1286 3042 otamiam
1300 2987 1474 3060 (Hausskt),

194 3060 326 3116 Porciam
360 3059 511 3116 borealem
540 3059 668 3128 (Szovl),
683 3059 846 3116 australem
861 3061 892 3114 in
906 3058 1104 3132 subalpinis(
1135 3058 1268 3130 coastat),
1283 3059 1474 3131 Affghaniam
1577 3105 1578 3108 ,

195 3131 286 3200 (Griff
294 3134 322 3200 l).

239 3229 397 3314 plenaria
420 3231 562 3299 Blanche
585 3231 619 3296 in
640 3232 700 3297 litt.
732 3266 774 3281 —
802 3231 915 3297 Aristo
942 3231 1053 3298 brevis
1076 3231 1196 3314 glumis
1212 3207 1350 3297 inclusa.
1371 3267 1414 3280 -
1431 3231 1472 3295 A.

195 3320 407 3386 carulearena
425 3320 538 3392 Steud.
560 3325 593 3387 et
612 3321 736 3388 Hocbst
751 3321 785 3385 in
806 3320 942 3386 Flcisoh.
961 3339 1030 3388 exs.
1054 3321 1148 3386 lsai.
1165 3355 1207 3366 -
1223 3319 1263 3384 A.
1285 3337 1487 3402 purpuras--

193 3427 270 3476 cents
290 3409 374 3476 Link
395 3409 488 3476 Linn.
509 3408 612 3485 XVII,
629 3431 662 3495 p.
682 3411 763 3476 adol

230 3523 308 3581 Hab.
322 3524 354 3580 in
366 3524 445 3596 agris
460 3523 597 3596 Smyrnae
610 3523 740 3593 (Fleisoh
750 3525 781 3594 l),
794 3523 882 3594 Syria
896 3521 1021 3578 littorali
1037 3521 1076 3578 ad
1089 3522 1229 3594 Tripolin
1242 3523 1291 3594 (Bl
1301 3525 1332 3594 l).

229 3623 278 3678 Ar.
293 3622 349 3678 llao
370 3637 395 3678 r.
411 3622 533 3694 Europa
546 3623 645 3678 media
664 3624 693 3678 et
707 3620 847 3678 australis
860 3635 878 3676 a
892 3621 989 3677 Dauid
1005 3623 1035 3676 et
1057 3620 1170 3676 Gothia
1192 3620 1232 3676 ad
1250 3621 1390 3677 Rossiam
1415 3635 1475 3676 me-

194 3693 369 3821 gpgmffllpi
381 3694 621 3822 ffifficffiipw
632 3693 772 3750 borealis.
784 3691 908 3764 Quoquo
920 3691 952 3748 in
962 3693 1099 3749 America
1109 3691 1225 3748 boreali
1238 3693 1360 3750 etNova
1370 3692 1474 3748 Zelan-

240 3919 270 3982 d.
292 3917 547 3985 &Creticus
564 3917 665 4002 (Trin.
683 3915 738 4000 Sp.
757 3915 866 3984 Grum.
882 3917 910 3996 1,
930 3917 993 3983 lab.
1006 3918 1108 3982 dt-
1122 3916 1261 4001 Spreng.
1272 3915 1314 3981 N.
1326 3911 1475 3998 Eutd.ll‚

196 4027 227 4094 p,
253 4004 322 4092 45.)
341 4025 484 4082 annuus,
507 4007 615 4074 radica
637 4006 768 4089 annoso,
793 4007 910 4074 culmis
933 4006 1106 4089 cespitosis
1133 4004 1476 4087 ascendenti-genicu-

196 4099 283 4176 latis,
316 4096 402 4162 loliis
429 4097 552 4177 glabris
586 4097 764 4164 linearibus
795 4096 913 4180 planis,
947 4095 1074 4176 vaginis
1105 4095 1231 4180 apertis
1254 4093 1474 4168 subditatalis.

195 4187 296 4271 ligula
320 4183 469 4267 oblonga.
498 4187 649 4268 panicula
680 4186 858 4269 spicilormi
889 4185 1027 4266 oblonga
1057 4187 1109 4252 nel
1136 4182 1475 4266 oblongo-cylindrica

195 4275 296 4342 ramis
316 4274 555 4358 unispiculatis‚
569 4274 689 4358 plumis
707 4274 747 4339 ad
764 4273 803 4359 *la
823 4274 971 4342 connatis
989 4274 1153 4356 asperulis
1167 4273 1273 4342 oratis
1289 4272 1381 4358 apice
1400 4290 1476 4338 acu·

197 4361 347 4432 tiosculis
366 4369 399 4430 et
415 4365 454 4430 ad
473 4366 615 4432 carinam
637 4364 700 4432 late
724 4364 819 4430 alatis
845 4368 879 4429 et
901 4362 1029 4446 cibatis,
1046 4363 1200 4446 plumella
1228 4361 1484 4446 horizonlaliter

196 4456 348 4522 truncata
360 4458 393 4520 et
412 4454 641 4521 sublimbriald
655 4461 764 4537 supra
776 4453 870 4519 basin
888 4452 1025 4520 arietata
1041 4451 1271 4534 aristtglumis
1288 4451 1388 4536 duplo
1407 4450 1476 4517 lon-

195 4543 298 4627 glore,
322 4543 416 4627 palad
435 4543 524 4611 nullt
545 4549 594 4622 Θ.
613 4580 655 4590 -
674 4542 713 4608 Α.
730 4541 886 4608 Bolonaae
904 4541 1008 4609 Boiss.
1025 4540 1102 4608 llss.
