3262 5114
162 337 389 398 Beelamamaa'a.
725 353 895 398 naamam
918 326 921 332 ’
1392 339 1446 398 loa
1523 428 1525 434 y

159 477 364 545 compressae
393 459 599 527 namoularea
627 462 771 545 aequales
796 462 935 530 mutinae.
964 457 1127 526 Glumella
1162 464 1195 528 et
1225 459 1316 544 palea
1344 479 1445 528 mem·

160 551 346 628 hranaoeae,
384 550 439 615 illa
469 550 734 635 quinquenervia
777 553 905 636 paleam
938 549 1110 617 hinervem
1139 549 1354 617 binarinatam
1374 570 1443 618 am-

162 640 311 723 pleeteus
342 638 374 704 in
407 637 542 706 lloseulo
575 639 733 706 interiore
766 643 959 708 mucronata
991 643 1024 704 et
1051 639 1179 720 glumas
1205 657 1380 722 superans,
1407 641 1440 706 in

160 729 300 795 flosculo
317 728 491 811 superiore
515 729 645 795 mutina.
667 729 814 797 Stamina
836 730 910 797 tria.
930 727 1012 810 Styli
1030 728 1104 801 duo.
1117 728 1267 811 stigmata
1289 730 1440 812 plumosa

163 817 240 902 pilis
257 817 410 883 dentatis.
425 815 612 900 Squamulae
623 817 707 883 binae
726 819 875 885 breviter
895 817 1082 884 lanceolatae
1096 817 1247 884 dentatae.
1265 816 1442 902 Garyopsis

161 907 306 991 elliptioa
325 906 426 974 latere
456 925 644 988 compressa
675 913 792 974 ventre
819 909 955 975 sulcata.
981 943 1022 955 -
1044 905 1158 972 Planta
1187 907 1270 974 elata
1300 907 1380 973 faeie
1412 913 1445 975 et

159 995 406 1062 infloreeuentia
426 994 566 1076 Pospnlt
589 997 643 1061 vel
670 995 790 1062 Paniai
812 993 1052 1076 erneaeforma's.
1069 1030 1112 1044 —
1141 992 1254 1064 Genus
1272 996 1444 1081 hucusque

161 1083 376 1152 Ptolomaeis
392 1085 643 1152 adnumeratum
662 1106 680 1152 a
701 1086 741 1151 el.
771 1086 929 1152 Benlham
946 1085 1068 1152 rectius
1087 1089 1123 1150 ut
1139 1084 1273 1152 videtur
1289 1085 1443 1151 Panioeis

159 1175 361 1240 associatum
379 1194 396 1239 a
413 1173 535 1258 quihus
558 1179 668 1241 tamen
689 1175 828 1244 lloseulo
849 1174 997 1242 interiori
1015 1191 1148 1258 quoque
1172 1173 1441 1259 hermaphrodito
1563 1243 1564 1246 ,

162 1262 291 1330 differt

213 1434 241 1494 t.
266 1429 309 1496 B.
346 1429 654 1500 erueaeiormis
687 1431 741 1517 (L.
783 1431 841 1517 Sp.
874 1433 918 1498 80
945 1431 1008 1498 sub
1039 1428 1237 1515 Phalaride]
1277 1430 1443 1512 perennis,

160 1519 275 1586 radiae
302 1527 451 1602 repente,
470 1520 586 1586 culmis
613 1521 732 1589 erectis
763 1522 859 1588 elatis
888 1520 1014 1588 foliosis
1044 1520 1114 1585 basi
1134 1518 1337 1600 incrassatis,
1355 1518 1441 1584 loliis

159 1609 271 1695 planis
282 1608 461 1675 linearibus
476 1609 645 1690 elongatis,
663 1611 764 1693 ligula
777 1610 1046 1695 elongataspiais
1063 1607 1238 1675 sessilihus
1256 1606 1440 1674 linearibus

163 1700 198 1765 in
224 1715 391 1765 racemum
414 1698 545 1779 longum
565 1699 751 1765 alternatim
772 1705 805 1765 et
827 1699 1067 1764 unilateraliler
1086 1697 1257 1780 dispositis
1277 1696 1442 1761 interiori-

159 1787 227 1853 hus
243 1787 368 1853 dissitis
386 1803 488 1868 suaper
500 1789 615 1854 oribus
636 1787 872 1870 subeuntiguis,
890 1787 1025 1870 spinulis
1054 1787 1173 1854 eximie
1191 1793 1225 1851 et
1241 1784 1439 1851 imbricatim

159 1876 322 1950 distichis,
338 1875 460 1958 glumis
491 1877 764 1944 aemiorhiculalis
790 1877 861 1944 basi
885 1877 1063 1944 attenuatis
1090 1875 1181 1958 apice
1208 1874 1341 1958 oblique
1364 1891 1440 1940 aeu-

160 1966 241 2032 tulis
272 1971 393 2050 praeter
424 1983 544 2032 nervos
570 1971 762 2033 transverse
792 1967 923 2049 rugosis
960 1975 1005 2040 tl.
1034 1965 1072 2030 B.
1095 1962 1325 2040 ereeceformia
1357 1963 1440 2030 ilost

159 2054 276 2121 Gram.
300 2055 364 2119 tab.
388 2056 418 2119 6.
437 2087 478 2104 -·
499 2055 601 2120 Rohb.
619 2054 731 2121 Germ.
762 2055 805 2138 lig
836 2057 913 2120 452.
935 2091 976 2101 —
993 2053 1187 2138 Cpnusaarna
1204 2049 1436 2133 erueoesormis

115 2181 118 2186 -
158 2143 227 2208 Ait.
253 2179 288 2189 —
315 2142 498 2224 Paenuleum
515 2142 696 2209 aristolam
716 2145 852 2210 llaenoh.

198 2255 276 2310 Hah.
298 2257 331 2312 in
356 2255 499 2328 humidis,
519 2257 558 2312 ad
578 2258 681 2328 fossas,
707 2258 932 2332 Peloponnesus
956 2257 986 2312 in
1014 2256 1143 2312 Arcadia
1169 2255 1277 2327 (Bury)
1313 2254 1442 2310 Thracia

156 2327 283 2396 (Frivl),
299 2327 395 2395 Lydia
409 2329 448 2384 ad
463 2328 615 2400 Ephesum
629 2329 771 2402 (Boissl),
791 2330 912 2398 Tauria,
931 2343 1016 2400 prov.
1033 2327 1202 2384 Caucasioae
1223 2332 1252 2383 et
1274 2299 1441 2384 ³l'ranseau-

156 2399 241 2454 easia
256 2397 401 2469 (Ledeb.)‚
421 2400 565 2455 Armenia
583 2415 675 2472 prope
693 2399 836 2458 Erzerum
847 2402 885 2457 ad
898 2399 1084 2472 Euphratem
1097 2397 1228 2468 (Huell).

197 2494 246 2548 Ar.
264 2494 364 2565 llaogr.
380 2491 478 2564 ltalia,
493 2493 654 2566 Dalmatia,
666 2495 748 2566 regio
763 2495 951 2566 Danubialis
966 2493 1080 2565 hessia,
1096 2492 1207 2549 Sibiria
1221 2495 1290 2562 tota,
1303 2491 1443 2563 luponis,

159 2566 302 2621 Ameriae
313 2563 458 2627 borealis.

445 2769 512 2844 Ta.
541 2769 587 2843 ΙΙ.
615 2767 787 2842 LYGnAE
814 2768 954 2865 (Lange
972 2768 1065 2864 Pug.
1084 2767 1154 2862 24).

203 2973 345 3060 Spioniae
370 2977 426 3042 ht
453 2975 728 3061 hermaphroditae
745 2973 866 3057 glumis
885 2973 1051 3041 destitutae
1080 2975 1231 3043 uniilorae
1251 2974 1380 3040 interne
1401 2973 1434 3039 in

156 3066 277 3132 tubum
304 3072 451 3132 sonnatae
480 3065 555 3132 folin
584 3063 807 3147 spathaeiormi
833 3063 998 3130 involuta.
1031 3063 1144 3132 Genus
1172 3084 1191 3130 a
1217 3064 1256 3130 el.
1280 3063 1438 3131 Benlham

158 3154 310 3222 Panioeis
322 3155 481 3222 anomalis
497 3155 766 3222 adnumeratum.

569 3400 718 3478 aaaron
745 3400 793 3496 (a.
814 3400 891 3478 ael.
914 3423 944 3498 p.
965 3401 1037 3497 aa).
1123 3495 1142 3546 δ

206 3607 347 3692 Spioniae
377 3606 559 3690 pedunculo
595 3607 758 3673 communi
792 3606 886 3673 hreni
926 3608 1072 3676 suffultae
1097 3609 1173 3676 iulio
1212 3608 1438 3692 spathaelormi

158 3698 385 3764 involueratae.
403 3695 565 3763 Glumella
593 3696 713 3762 mutina
743 3697 836 3779 palea
866 3697 971 3763 mullo
991 3697 1126 3764 brevior
1150 3699 1327 3765 laneeolata
1347 3703 1440 3764 acuta

159 3787 291 3853 interne
325 3785 621 3852 carnoso-corianae
649 3785 883 3869 glumellisque
913 3785 1053 3853 aliorum
1084 3787 1205 3854 llorum
1231 3793 1370 3854 connata
1410 3793 1444 3854 et

160 3878 259 3957 longe
276 3875 544 3942 sericeo-hirsuta
562 3874 653 3957 apioe
673 3874 785 3940 libera.
799 3873 897 3940 Palea
916 3875 1020 3942 multo
1038 3875 1165 3959 longior
1181 3877 1312 3961 hyalino
1331 3876 1441 3943 biner-

161 3965 215 4031 vis
232 3964 411 4029 hioarinala
431 3963 522 4047 apiae
539 3963 639 4030 hihda
654 3963 782 4029 inlerne
800 3981 860 4046 per
879 3964 1016 4030 dorsum
1030 3965 1102 4032 aliis
1118 3966 1221 4048 paleis
1231 3971 1265 4031 et
1282 3983 1343 4048 per
1355 3984 1442 4032 mar-

157 4054 259 4136 gines
277 4053 405 4120 eaeleria
424 4051 589 4135 glumellis
605 4058 753 4119 connata.
774 4052 962 4137 Squamulae
980 4055 1088 4121 nullae.
1118 4054 1261 4122 Stamina
1285 4055 1350 4120 tria
1370 4055 1440 4121 fila·

163 4143 285 4208 mentis
312 4142 521 4224 longissimis.
557 4139 671 4223 Stylus
699 4141 865 4209 indivisus
891 4143 1103 4225 longissimus
1128 4161 1169 4210 ex
1198 4144 1290 4227 apiae
1307 4142 1442 4226 apiculae

159 4248 349 4314 emergens.
375 4227 551 4312 Carpopsis
577 4230 716 4314 oblonga
742 4231 819 4315 styli
844 4231 917 4297 beai
941 4235 1083 4299 rostrata
1109 4231 1184 4298 hina
1202 4250 1348 4300 convexa
1365 4231 1442 4298 inde

164 4319 261 4402 plana
281 4325 314 4386 et
342 4317 621 4400 longitudinaliter
644 4321 769 4387 sulcata
796 4320 924 4386 mauult
948 4319 1045 4387 hilari
1074 4319 1190 4388 lineari
1211 4321 1306 4404 longa
1329 4325 1440 4388 notata

157 4409 270 4476 loculo
285 4407 431 4474 eoriaeeo
450 4407 535 4474 duro
553 4427 571 4475 e
587 4408 751 4492 glnmellis
779 4407 905 4476 coalitis
925 4409 1065 4478 formato
1087 4410 1225 4479 inclusa.
1249 4446 1292 4457 -
1319 4409 1436 4477 Planta

162 4498 323 4583 perennis
332 4495 555 4583 juneilormis
