3142 5102
157 337 194 394 20
725 349 876 392 aeramnae
1288 331 1425 407 Ruppia.

157 461 302 544 gynoeis
316 460 465 544 t-io-pto
477 459 621 540 longiore
638 459 783 528 sullultis
807 472 853 538 11.
865 459 905 526 11.
925 459 1027 525 Rcltb.
1046 458 1158 526 Germ.
1172 458 1236 528 tab.
1252 460 1289 524 11
1312 457 1364 540 lig.
1378 460 1433 524 16.

161 585 202 600 -
225 550 265 616 lt.
288 547 458 614 nrarttirna
479 547 512 614 L.
533 549 589 632 Sp.
615 551 783 633 181111.

197 665 275 720 Hab.
297 665 328 719 in
342 663 429 736 aquis
453 663 549 734 salsis,
574 665 767 735 salsuginosis
788 665 946 720 maritimis
967 667 996 720 et
1010 664 1123 735 stagnis
1145 662 1339 733 salsuginosis
1359 661 1435 716 inte-

0 727 39 814 «Ἰ,
160 737 289 792 rioribus
302 737 391 791 totius
409 735 468 791 iere
480 735 610 806 ditionis,
622 736 759 806 Byzantii
774 735 966 805 (Montbretl)
987 735 1101 791 Graecia
1116 735 1145 788 in
1161 735 1257 789 Attica
1269 737 1299 788 et
1319 732 1436 804 Cepha-

163 807 404 889 111111(Η11111·1),
418 806 526 862 AEtoliat
544 807 670 890 (Ν111111)2
684 824 727 879 pr.
739 811 811 862 Arta
822 807 980 889 1011111111),
993 807 1110 878 Cyprus
1128 805 1230 887 (Kyl),
1252 805 1338 875 Syria
1355 803 1436 859 litto·

163 878 233 934 ralis
263 879 393 947 (Boset),
421 877 556 948 Egyptus
583 880 702 934 inferior
729 879 766 934 ed
795 877 1010 934 Alexandriam
1034 881 1063 932 et
1086 877 1260 932 Damratam
1285 874 1435 943 (Ehrenb!

8 919 37 974 ’Ὗ
162 949 259 1018 Siebl)
280 949 417 1018 Fayoum
448 947 553 1018 (Aschl
582 948 762 1019 Schweinll]
791 950 822 1004 in
843 949 966 1004 ossibus
994 949 1102 1004 deserti
1122 947 1228 1018 Libyci
1252 945 1435 1014 (Schweinil

0 1005 41 1134 ὲῆ
162 1021 279 1090 Aschl),
290 1034 373 1092 prov.
389 1020 556 1076 Caucasicis
566 1019 605 1075 ad
615 1020 696 1076 Mare
710 1021 835 1092 Nigrum
851 1025 880 1075 ei
895 1020 1037 1092 Caspium
1049 1018 1290 1089 [Ledeb.).Arab.
1302 1016 1435 1074 bumont.

197 1115 364 1184 11111111.
389 1115 509 1186 Europa
533 1115 631 1170 media
654 1117 684 1170 et
706 1115 854 1186 australis,
879 1115 990 1170 Sibiria
1008 1113 1168 1183 Uralensis,
1181 1113 1316 1186 Japonie,
1338 1112 1439 1168 Africa

162 1186 290 1242 borealis
306 1192 335 1242 et
347 1187 495 1255 australis,
509 1189 644 1244 America
659 1187 786 1243 borealis
800 1191 829 1242 et
843 1188 990 1257 australis
1009 1186 1167 1241 Australis.

208 1314 238 1377 1.
270 1311 318 1380 R.
346 1309 584 1380 rostellata
615 1310 719 1396 (Koch
752 1313 787 1378 in
818 1311 918 1378 Rutili.
946 1310 988 1376 lc.
1019 1310 1136 1377 Crini
1169 1330 1197 1392 p.
1217 1312 1258 1376 66
1284 1311 1335 1390 fig.
1358 1309 1439 1390 306)

53 1385 54 1396 ¹
164 1401 313 1467 caulibus
343 1399 487 1465 terruiter
514 1400 720 1468 lililormibus
752 1402 998 1478 ramosissimis
1026 1400 1110 1466 loliis
1128 1398 1437 1468 lililormisetaceis.

166 1489 360 1572 pedunculis
383 1493 456 1571 post
476 1489 625 1555 anthesin
647 1509 711 1556 non
729 1490 886 1572 elongatis
908 1489 1146 1572 neaspiralitcr
1165 1490 1269 1566 tortis,
1287 1487 1440 1553 anthera-

1 1653 14 1666 Δ
44 1605 45 1608 “
167 1597 239 1644 rum
258 1579 358 1644 thecis
384 1577 603 1658 subglobosis‚
631 1580 783 1662 carpellis
810 1578 1167 1644 ovoideo-semitanatts
1184 1579 1273 1659 apice
1294 1575 1389 1642 valde
1406 1582 1441 1639 et

40 1717 43 1726 .
165 1668 297 1753 oblique
313 1667 490 1732 attenuatis
510 1667 681 1751 podogyno
701 1670 749 1736 eis
767 1669 915 1751 erepto
941 1668 1085 1749 longiore
1097 1668 1242 1732 sullriltis
1269 1675 1315 1738 tt.
1334 1665 1437 1729 Relib.

167 1754 276 1822 Germ.
296 1757 350 1838 fig.
369 1758 471 1822 itt-
490 1756 530 1820 R.
547 1757 718 1822 trroritimc
735 1759 769 1824 L.
785 1757 841 1840 Sp.
859 1775 898 1822 ex
921 1778 948 1840 p.
967 1763 999 1823 et
1016 1757 1107 1821 berb.

202 1866 279 1922 llab.
298 1867 328 1922 in
347 1865 435 1922 salsis
458 1869 487 1922 et
510 1869 590 1922 salsu
614 1869 714 1940 mosis,
733 1869 798 1924 vidi
812 1884 850 1923 ex
865 1867 1008 1939 Argolide
1029 1869 1060 1922 in
1079 1867 1239 1939 paludibus
1254 1864 1292 1920 ad
1305 1865 1442 1921 Lernam.

53 1945 54 1950 ’
167 1938 320 2010 (Sprunt),
343 1938 431 1992 Crettt
461 1937 568 1994 Heldrl
587 1883 703 2012 {gypso
724 1940 764 1996 ad
793 1940 1005 1996 Alexandriam
1032 1939 1118 2006 (Deli
1137 1938 1275 1994 Letouru.
1300 1936 1390 2018 13111]Ι
1402 1936 1441 1991 ad

56 2067 58 2076 ,
167 2010 321 2064 Rosettam
346 2009 459 2078 (Ehrbl
486 2009 656 2082 Letournt),
680 2013 710 2066 in
737 2012 867 2066 Ossibus
894 2011 1003 2066 deserti
1035 2009 1139 2080 Libyci
1156 2008 1258 2078 (Ehrbl
1278 2007 1443 2062 Sohwemll

168 2080 296 2150 Aschsl),
310 2082 386 2136 inter
405 2079 526 2136 Kosseir
551 2083 580 2135 et
603 2081 662 2136 Ras
689 2081 800 2138 Bnnass
816 2082 1015 2152 (Schweinlt),
1035 2082 1145 2135 Arabia
1148 2085 1282 2207 ί1111111
1298 2078 1337 2134 ad
1360 2079 1444 2134 blare

169 2151 305 2207 Rubrum
324 2167 415 2224 prope
430 2151 490 2207 Tor
510 2151 622 2221 (Ehrbl
645 2153 771 2208 Arabiae
784 2152 935 2210 benzislod
947 2154 1009 2208 sive
1022 2148 1147 2208 hmzald
1171 2194 1176 2204 .

203 2237 251 2291 Ar.
266 2237 366 2306 tisogr.
388 2235 514 2308 Europa,
528 2237 627 2292 Africa
644 2237 783 2308 borealis,
801 2239 937 2294 America
950 2236 1088 2292 borealis¹

283 2373 423 2456 nappis
442 2372 565 2453 speeies
579 2373 795 2453 probabiliter
808 2377 904 2440 intra
923 2374 1059 2440 ditionis
1078 2374 1198 2441 limites
1218 2376 1332 2443 obniae.

217 2515 255 2580 ll.
285 2514 510 2594 Drepanon-stc
543 2515 614 2580 Tin.
635 2515 668 2580 ln
700 2514 798 2582 Guss.
834 2515 914 2600 Syn.
949 2517 996 2582 nt.
1033 2516 1093 2582 Sle.
1126 2516 1168 2592 11,
1188 2537 1218 2600 p.
1243 2517 1334 2602 878.)
1370 2534 1447 2582 cau-

175 2604 260 2670 libus
289 2604 489 2670 terruissimis
512 2603 756 2674 ramosissimis.
787 2605 869 2672 loliis
900 2606 1091 2672 tenuissime
1114 2608 1251 2673 setaceis
1275 2607 1445 2672 flexuosis

174 2693 367 2775 pedunculis
394 2700 466 2774 post
492 2695 643 2760 antbesin
673 2695 871 2776 longissimis
904 2696 1071 2778 spiraliter
1100 2697 1207 2772 tortis,
1233 2697 1446 2762 arnherarmn

174 2781 275 2849 thecis
295 2782 455 2862 pratibus,
470 2784 622 2866 carpellis
651 2784 796 2850 ovoideis
816 2786 948 2868 oblique
965 2786 1092 2864 erectis,
1115 2785 1283 2868 podogyno
1301 2785 1348 2850 eis
1366 2787 1448 2849 1-111

175 2869 228 2953 plo
249 2870 392 2952 longiore
409 2871 554 2938 errllmtis
574 2881 621 2945 lt.

211 2957 286 3012 Hah.
321 2958 352 3010 in
384 2971 444 3027 reg.
471 2958 690 3015 Mediterranea
721 2959 816 3030 magis
847 2959 1023 3016 occidentali
1047 2975 1141 3034 usque
1175 2961 1211 3015 ad
1236 2959 1304 3016 Bari
1329 2959 1449 3030 Apulia

173 3027 412 3096 (Rabenhorstl).

220 3149 257 3214 R.
277 3148 466 3231 praelapsus
485 3150 572 3236 (Gay
589 3153 622 3218 in
640 3151 762 3221 tlosson
775 3154 849 3221 Not.
863 3155 961 3238 plant.
975 3155 1046 3220 crit.
1058 3177 1085 3239 p.
1105 3154 1160 3238 to)
1177 3155 1325 3220 caulibus
1340 3155 1449 3219 tenni·

178 3243 228 3303 ter
240 3238 446 3306 lililormibus
460 3242 706 3322 ramosissimis,
719 3244 803 3310 loliis
817 3243 1035 3326 lililormibus,
1046 3244 1237 3326 pedunculis
1252 3251 1325 3326 post
1337 3245 1452 3310 anthe·

169 3326 228 3422 ,sin
250 3347 314 3394 non
332 3327 491 3410 elongatis
507 3347 567 3394 neo
589 3332 694 3410 tortis,
714 3333 926 3400 antlierarum
950 3333 1050 3398 tlrecis
1076 3333 1452 3414 ovoideo-subgtobosts.

177 3417 328 3497 carpetlis
341 3419 486 3483 ovoideis
500 3419 630 3502 alitione
644 3421 762 3487 erectis
776 3424 946 3504 podogyno
961 3425 1001 3487 ea‘
1012 3423 1221 3504 rixaequante
1234 3421 1380 3488 suffultis
1403 3429 1449 3494 il.

212 3515 288 3570 Hab.
304 3516 336 3571 in
345 3531 405 3587 reg.
417 3518 633 3575 Mediterranea
643 3522 738 3591 magis
752 3520 937 3588 occidentali,
947 3521 977 3575 in
994 3520 1069 3576 llari
1082 3519 1203 3577 Baition.

179 3598 420 3728 fogliigthalnggtb‘
432 3602 598 3659 Ascherson
611 3609 750 3662 caeterum
762 3607 806 3676 (in
823 3605 892 3674 litt.)
905 3621 1010 3661 omncs
1020 3605 1154 3678 Ruppias
1168 3621 1220 3678 pro
1237 3605 1327 3662 unius
1342 3607 1453 3678 speciei

522 3821 592 3877 Sea.
606 3821 642 3881 ll.
663 3823 808 3880 1111111111.
829 3851 860 3864 -
882 3822 973 3879 Maris
992 3820 1126 3878 incolae.¹

181 3959 641 4061 circummuniam.
670 3969 725 4046 11
755 3970 795 4060 11,
826 3991 856 4066 p.
889 3970 947 4046 11.
967 4009 1016 4022 -
1044 3969 1310 4066 praeceptam
1328 3973 1456 4066 major
1565 3943 1566 3946 ‘

382 4061 628 4159 llteopltrasti
649 4066 773 4142 Cavol.
795 4069 912 4142 Phuo.
938 4073 1079 4146 Ανὲτησις
1100 4089 1134 4163 p.
1154 4069 1252 4154 XIII,
1268 4068 1342 4142 tab.
1364 4071 1392 4142 I.
1407 4111 1452 4124 —

376 4160 643 4259 Phuoaprostt‘s
661 4166 791 4240 Willd.
813 4167 875 4263 Sp.
895 4166 956 4240 IV.
977 4167 1075 4258 ote).

227 4317 341 4389 Floras
358 4321 451 4390 diolci
468 4325 560 4392 nudi.
586 4297 686 4394 llaec.
716 4295 877 4396 Antherae'
904 4329 923 4393 1
954 4326 1235 4414 qrredriloculares
1267 4327 1456 4412 pedunculo

221 4489 276 4546 Ἀ.
290 4489 325 4547 cl.
345 4493 374 4546 et
386 4505 443 4549 um.
460 4493 510 4550 θ’·
522 4493 554 4551 Ρ.
568 4496 735 4554 Ascherson
755 4496 913 4554 elaboratae
928 4499 957 4553 et
973 4496 1098 4568 benigne
1115 4496 1346 4554 communicata.
