3192 5102
9 851 29 1022 i

9 1019 26 1094 t

9 1095 54 1244 ξιξ,

8 1245 28 1420 r

8 1429 32 1622 t

7 1617 28 1896 ζ

6 2163 43 2268 l·

5 2463 21 2500 ,,
54 2461 55 2466 Ν

5 2655 33 2720 t

5 2739 31 2886 l?

5 2891 33 2984 t

5 3145 18 3328 l

5 3371 24 3480 {⁴

9 4741 10 4748 ⁴
5 4723 6 4730 ⁴
5 4707 8 4714 -
10 4685 14 4696 ,
5 4625 12 4666 -ὴ
5 4481 17 4612 <guy-71
5 4419 20 4472 ιζπ-
5 4371 10 4408 mv<
5 4301 21 4352 ⁴.··-.
5 3619 24 4292 ‹aegffujlaegw—n,-szvessfm⁴w-=c3f
5 3585 21 3610 j·
5 3485 24 3574 ,firg-

176 309 232 368 142
744 319 899 362 larensem
1292 303 1463 364 stadales.

178 434 348 520 elongatis,
365 431 613 514 loliis-anguste
638 431 819 498 linearibus
844 431 1038 497 acuminatis
1068 429 1319 516 aequidistanter
1345 435 1466 499 6-ner·

179 526 254 606 viis,
283 522 374 607 spica
398 521 490 588 brevi
511 519 656 587 secunda
675 520 845 588 confertim
864 519 1028 603 bl-llora,
1050 519 1176 604 spathae
1195 521 1300 588 rolris
1318 525 1460 606 anguste

181 612 367 680 lanceolatis
408 609 602 677 acuminatis
635 609 855 694 inaequalibus
887 607 1100 675 interioribus
1130 610 1210 676 tubo
1241 608 1459 694 longioribus,

181 702 341 788 perigonii
358 698 566 766 atroriolacei
586 697 664 764 tubo
679 698 775 764 valde
798 703 945 779 curvato,
961 697 1053 764 limbi
1078 697 1290 766 horizontalis
1320 699 1370 765 vel
1385 715 1458 765 cer·

180 793 237 859 nai
256 790 382 857 laciniis
400 785 539 854 obovato
553 786 605 853 rel
620 787 968 872 oblongo-spathulatis
984 787 1019 853 in
1039 804 1167 870 ungues
1189 787 1308 855 lamina
1328 787 1461 856 brevio·

179 900 235 948 res
250 877 429 948 attenuatis
450 876 641 944 lateralibus
660 875 737 941 lobll
757 875 941 960 superioris
957 879 990 941 et
1013 891 1101 959 saepe
1117 875 1266 944 interiori
1282 877 1359 944 labii
1375 877 1457 944 inle-

180 970 280 1036 rioris
302 965 522 1040 brevioribus,
542 965 689 1032 aetheris
713 965 877 1032 litamento
903 964 1096 1050 aquilongts
1122 967 1174 1031 vel
1193 965 1467 1049 sublougioribus

181 1061 273 1143 apice
294 1058 328 1122 in
355 1072 545 1122 mucronem
563 1055 803 1121 subincuraum
822 1054 1014 1135 attenuatis,
1033 1053 1240 1137 stigmatibus
1257 1057 1299 1122 ad
1318 1055 1467 1122 medium

183 1163 289 1231 usquc
315 1144 495 1212 linearibus
530 1143 605 1210 dein
640 1144 673 1209 in
707 1142 861 1210 laminam
887 1143 1108 1225 spathulatam
1134 1143 1290 1227 dilatatis,
1324 1145 1459 1228 capsula

181 1238 321 1318 oblonga
348 1236 462 1300 retusa
493 1232 628 1300 trisulci
656 1232 814 1314 torulosa,
841 1231 1024 1298 seminibus
1053 1231 1385 1316 globoso-turbinatis
1406 1235 1461 1298 vel

185 1322 420 1409 pyrilormibus
443 1322 568 1404 apteris
600 1333 643 1398 tt.
664 1319 701 1388 G.
736 1320 913 1403 Aleppicca
939 1319 1036 1388 Boias
1063 1321 1135 1387 eod.
1158 1323 1216 1390 loc.
1235 1341 1267 1407 p.
1285 1323 1338 1389 tt.
1357 1355 1400 1372 -
1417 1319 1458 1387 (t.

180 1418 323 1496 patrans
341 1412 448 1479 Boiss.
466 1415 499 1477 et
514 1410 601 1477 Huet
616 1409 696 1477 blas.

217 1522 294 1579 Heb.
314 1523 345 1578 iu
366 1520 509 1593 lapidosis
532 1523 561 1577 et
581 1535 702 1592 quoque
723 1521 800 1577 inter
822 1522 946 1590 segetes,
971 1519 1123 1576 Palestina
1153 1521 1191 1577 ad
1220 1521 1466 1594 Hierosolymam

171 1595 277 1664 (Roth
290 1591 371 1662 aest)
385 1592 423 1648 ad
433 1589 589 1648 Bethleem
601 1591 731 1663 (Barbey
743 1594 773 1662 l),
788 1590 878 1661 Syria
890 1591 969 1647 circa
983 1592 1167 1648 Damascum
1181 1597 1211 1648 et
1226 1595 1265 1650 ad
1275 1592 1468 1650 ElKeneissa

182 1665 350 1722 Antilibani
363 1662 458 1731 (Gaill
469 1665 501 1734 l),
512 1663 590 1718 circa
604 1662 721 1734 Alsppo
734 1663 805 1733 (Ky.
819 1662 856 1718 86
868 1665 891 1734 l)
913 1667 941 1718 el
961 1663 1037 1718 inter
1063 1667 1178 1734 segetes
1203 1665 1242 1721 ad
1260 1665 1371 1721 Alutab
1400 1665 1464 1721 Ma·

183 1737 279 1809 casola,
293 1736 410 1807 Karpul
422 1737 451 1790 et
469 1735 502 1790 in
522 1733 737 1805 Mesopotaniae
759 1734 876 1790 deserto
896 1733 976 1788 Dara
998 1739 1088 1806 atquo
1112 1734 1190 1790 circa
1213 1736 1319 1808 Torek‚
1346 1708 1466 1792 M'ardin

183 1806 322 1876 (Haussk
335 1809 366 1877 l),
375 1807 406 1860 in
416 1806 543 1878 petrosis
554 1806 704 1860 Armeniae
715 1805 847 1860 Tuccicae
858 1803 896 1860 ad
905 1803 1060 1860 Kassuklu
1070 1805 1164 1874 (Huel
1174 1809 1202 1878 l),
1211 1809 1314 1864 Persii
1324 1807 1356 1862 ln
1364 1813 1470 1864 monte

182 1879 321 1936 Ssahend
329 1892 415 1949 prov.
426 1876 607 1932 Adcrbid'an
619 1891 712 1950 prope
720 1875 804 1932 Sbab
813 1875 892 1932 Iordl
902 1875 1017 1946 (Bubse
1025 1877 1055 1948 l),
1063 1891 1156 1950 propa
1172 1877 1470 1950 Tebaranillyffll),

183 1965 274 2024 prope
287 1948 416 2022 Ispahan
430 1947 537 2017 (Aucb.
601 1946 660 2017 at).

218 2049 313 2122 Copia
324 2045 522 2119 speciminum
536 2060 574 2101 ex
587 2045 681 2101 variis
695 2045 770 2101 locis
783 2049 862 2101 nota
877 2043 1088 2100 differentiales
1102 2045 1179 2102 inter
1194 2049 1309 2121 specics
1322 2047 1371 2106 hie
1394 2063 1467 2104 enu-

185 2125 314 2177 meratas
327 2120 548 2175 evanescerunt.
563 2116 684 2172 Pedalie
698 2117 746 2172 vel
760 2117 861 2189 sesqui
883 2114 986 2197 adalia,
1000 2116 1073 2172 lolia
1086 2118 1122 2173 1¹
1135 2117 1290 2178 2=31lneas
1303 2119 1470 2192 lata,splca

184 2193 318 2249 conferta
331 2195 360 2246 et
373 2189 562 2270 perigonium
574 2187 664 2244 valde
675 2191 833 2244 curvatum
879 2230 885 2245 .
898 2185 1047 2246 imbracatc
1060 2203 1078 2244 a
1102 2203 1162 2262 quo
1191 2193 1309 2248 caeteris
1322 2190 1468 2262 neglectis

185 2265 326 2321 loliorum
341 2261 516 2318 nervattone
528 2261 630 2315 statim
644 2259 835 2332 dignoscitur.

229 2405 260 2470 8.
281 2403 328 2472 G.
354 2401 566 2470 Persicus
586 2400 707 2486 (Boiss.
735 2399 852 2484 Dlagn.
879 2399 952 2467 Ser.
971 2400 999 2483 l,
1018 2419 1049 2485 p.
1079 2401 1157 2488 lot)
1175 2401 1362 2470 tunicarum
1381 2403 1469 2469 radi·

185 2493 304 2560 callum
350 2490 443 2558 libris
478 2490 645 2578 parallelis
672 2489 775 2556 dense
803 2489 932 2573 stipatis
967 2490 1112 2573 superne
1143 2493 1469 2560 anastomosantibus

185 2582 305 2649 areolis
334 2580 592 2662 angustissimis,
617 2579 704 2646 loliis
733 2584 873 2661 anguste
908 2578 1087 2645 linearibus
1116 2581 1367 2665 aequidistanter
1394 2583 1470 2648 6·8·

188 2672 322 2752 narniis,
351 2669 443 2736 caule
470 2669 584 2753 gracili
610 2669 687 2735 lolia
712 2685 777 2733 non
806 2672 996 2750 superante,
1015 2667 1104 2751 spici
1131 2669 1269 2737 disticha
1287 2671 1469 2738 blo-flora

188 2763 271 2841 laxi,
305 2759 430 2844 spathae
458 2759 565 2825 valvis
593 2755 903 2840 oblongo-ellipticis
935 2756 1173 2825 obtusiusculis
1206 2760 1470 2828 membranaceo·

187 2849 386 2932 rnargtnatis,
423 2847 583 2932 perigonii
616 2848 704 2914 rosei
738 2845 817 2913 tubo
850 2850 940 2913 recto
974 2846 1100 2913 laciniis
1125 2848 1473 2931 oblongo-lanceolatis

186 2938 400 3006 acutiusculis
418 2938 594 3021 superiore
610 2933 1021 3015 subtongloratltamentts
1033 2935 1174 3003 anthera
1190 2938 1471 3023 sublougioribus,

187 3028 395 3111 stigmatibus
412 3046 430 3092 a
446 3027 518 3092 basi
534 3026 574 3092 ad
595 3026 741 3094 medium
760 3024 941 3092 linearibus
963 3025 1037 3091 dein
1058 3026 1215 3109 dilatatis,
1232 3029 1401 3112 capsula...
1424 3041 1469 3106 at.

221 3139 299 3196 Hab.
312 3141 344 3196 in
359 3140 461 3196 Persia
478 3139 604 3196 australi
624 3151 716 3211 prope
738 3136 912 3209 Persepolis
935 3137 1007 3209 (Ky.
1029 3137 1101 3194 acet
1122 3142 1156 3195 et
1181 3139 1236 3196 858
1251 3142 1282 3213 l),
1301 3139 1415 3197 boreali
1431 3140 1473 3196 ad

188 3211 363 3284 Saidlrbodji
376 3211 483 3280 (Auch.
496 3210 566 3268 5351
579 3213 609 3281 l).

221 3309 375 3366 Foliorum
390 3308 566 3392 narratione
581 3305 680 3392 affinis
697 3303 731 3362 6.
745 3304 945 3390 atrociolacco
964 3322 982 3361 a
997 3321 1059 3432 fficio
1081 3307 1216 3391 specifice
1228 3307 1333 3392 ditiaco
1345 3309 1468 3394 videtur

187 3382 278 3509 lsffi
285 3381 364 3508 iffi
366 3379 869 3523 3123?angcefffr‘olprldlpfflcESCUII
881 3393 936 3434 nec
950 3377 1001 3434 val
1022 3392 1172 3436 acccurvn
1187 3381 1304 3435 moturas
1321 3385 1477 3454 angustio-

232 3593 262 3657 9.
275 3589 323 3660 G.
336 3589 598 3677 halophllus
611 3591 732 3676 (Boias.
745 3597 777 3658 et
789 3589 903 3657 Heldr.
918 3589 1035 3673 Dlagn.
1047 3590 1118 3658 Ser.
1134 3591 1161 3672 l,
1186 3593 1238 3672 ta,
1258 3613 1288 3678 p.
1312 3591 1366 3679 ll)
1382 3594 1474 3660 tuni·

188 3699 302 3749 carum
327 3680 519 3747 radicalium
550 3681 644 3749 fibris
667 3680 789 3748 crassis
821 3683 889 3748 toti
917 3679 1122 3763 longitudine
1149 3682 1476 3750 anastomosantibus

189 3769 309 3837 areolis
340 3769 659 3854 oblongo-ellipticis,
690 3769 775 3836 loliis
809 3774 948 3852 auguste
977 3770 1157 3837 linearibus
1186 3772 1475 3855 glaucesccntibus

190 3859 305 3941 rigidis
334 3859 585 3941 aequidistanter
612 3857 808 3926 l·6·nervils
832 3859 980 3926 incurvis
1006 3860 1098 3927 caule
1116 3862 1230 3942 gracili
1246 3860 1471 3939 brevioribus,

190 3949 280 4031 spica
304 3947 488 4014 laxiusculai
513 3947 605 4016 brevi
633 3948 783 4022 llexuosi
810 3948 981 4024 abitura,
1002 3949 1129 4033 spatltae
1152 3950 1257 4016 vulvis
1284 3950 1478 4016 lanceolatis

191 4036 339 4120 margine
359 4042 392 4102 et
409 4036 501 4120 apice
519 4037 776 4104 membranaceis
796 4037 955 4122 perigonii
972 4038 1050 4103 tubo
1074 4039 1131 4106 vix
1148 4039 1363 4122 longioribus,
1385 4038 1474 4123 peri·

191 4127 278 4207 gonii
301 4126 389 4192 rosei
415 4126 492 4193 tubo
512 4127 650 4194 incurvo
668 4125 861 4211 laciniisqoe
881 4127 1027 4192 obovatls
1042 4127 1170 4194 obtusis
1190 4127 1383 4196 lateralibus
1400 4128 1475 4194 bre-

191 4215 349 4294 rioribus,
367 4215 515 4282 antbcrls
530 4216 696 4283 filamento
714 4213 997 4292 subbrevioribus,
1009 4217 1247 4300 stigmatibusa
1264 4217 1335 4284 basi
1348 4217 1475 4285 sensim

193 4305 335 4371 dilatatis
353 4305 595 4384 oblanceolatis,
611 4305 791 4388 capsula...
814 4313 858 4377 tt.

196 4415 304 4543 Iulgssb.
319 4418 351 4472 ln
364 4416 451 4475 salsis
465 4416 572 4488 bycme
590 4415 745 4472 inundatis
770 4413 909 4488 planitiei
930 4414 1049 4472 Koniah
1073 4417 1231 4490 Lycaoniae
1255 4417 1406 4488 (Heldrl).
1430 4417 1476 4474 Fl.
