3262 5114
74 92 75 95 ¹
110 76 235 131 (153²,

65 119 178 175 322«,ng
209 124 233 153 n

79 160 89 175 ¹.
120 157 134 179 ¹2
146 152 169 176 r¹l¹
181 154 225 178 Cp*

63 177 86 195 ’··’
103 185 133 209 rr„
151 182 179 218 ,¹¹¹
225 183 229 203 t

55 217 119 271 ,asts
146 220 147 223 ’

68 262 76 288 ἱ
84 270 88 273 ’
96 281 105 286 ..
111 280 113 286 .
119 270 129 283 ν

39 284 127 394 'g'
210 303 267 361 462
770 321 940 364 annmrnsm
1267 309 1494 386 Andropoponr

67 437 120 525 Jsjr„
168 472 170 476 .
210 429 296 497 toliis
327 429 434 513 planis
461 428 768 496 linearibus-acutis
791 431 925 500 scabris·
955 431 1004 498 ad·
1027 433 1222 516 vaginarum
1259 453 1297 502 os
1331 436 1500 518 barbatis,

130 519 131 525 ’
209 519 312 602 spiels
331 518 563 585 terminalibus
575 519 742 598 solitariis,
763 522 896 588 rachide
919 524 971 588 ad·
989 520 1082 588 basin
1103 523 1304 606 spicularum
1330 529 1503 593 mascula-

40 608 100 691 ..ἐξ
210 627 284 674 rum
303 607 425 691 glabra,
445 607 660 675 leminearum
678 607 815 682 hirsuta.
831 611 951 694 glumis
981 611 1116 694 spieutae
1132 615 1284 680 masculae
1304 614 1386 681 ciliis
1417 615 1497 682 basi

211 696 430 764 tuberculatis
451 697 579 781 sparsis
604 697 731 776 obsitis,
749 699 898 766 seminece
913 699 1015 766 luscis
1038 700 1187 782 hispidis,
1212 703 1323 769 aristis
1341 703 1490 787 longissi-

36 780 104 837 »³³
210 787 271 854 mis
291 786 437 870 undique
454 783 712 868 pubescentibus
736 789 782 859 Qt.
801 787 843 853 Η.
860 787 972 854 hirtus
990 788 1083 855 Pers.
1102 789 1180 871 Syn.
1201 789 1252 874 11,
1265 792 1339 856 538.

243 899 322 955 Hah.
336 900 367 954 in
382 896 549 1024 Atigshaniaa
561 897 642 953 valle
654 897 786 956 Kurrum
798 900 873 955 iuter
886 900 965 956 Thal
981 903 1010 956 et
1023 899 1164 956 Mundurl
1180 905 1348 960 communis
1373 904 1499 970 (Aitcbr

35 983 97 1053 3³4⁴}
112 1008 113 1011 ,
207 969 309 1028 Journ.
330 969 417 1026 Linn.
459 983 500 1024 oc.
515 967 594 1037 XIX,
608 985 635 1041 p.
650 969 724 1039 101).
740 970 765 1025 Ε
779 971 891 1028 ditione
904 987 964 1028 non
978 971 1049 1027 vidi.

242 1070 293 1126 Ar.
307 1070 409 1138 magr.
429 1068 502 1123 Asia
515 1067 629 1139 tropica
643 1070 676 1123 et
687 1067 865 1141 subtrepica,
879 1069 1115 1141 Atrius-tropica,
1128 1070 1160 1126 Ρ.
1174 1071 1204 1126 Β.
1220 1071 1299 1144 Spei,
1311 1071 1400 1128 Nova
1411 1072 1498 1130 ΗοΙν

35 1094 100 1120 ,.,

207 1141 323 1213 laudia,
336 1141 481 1196 Ameriae.

482 1339 736 1417 ndbnorttdd
762 1341 808 1438 (b.
833 1341 908 1418 den.
930 1341 1018 1418 tlte
1041 1363 1076 1419 cr
1097 1346 1219 1438 parte),

249 1548 390 1633 Spicnlae
411 1550 446 1615 in
472 1548 637 1632 spicarum
655 1547 803 1614 articulis
825 1546 1188 1630 gemirrae·(torminales
1212 1548 1323 1615 rarius
1356 1549 1491 1635 ternae)

26 1619 41 1671 J
85 1628 100 1679 Ὗ
206 1639 307 1706 altera
328 1638 455 1706 sessilis
477 1636 754 1720 hermaphrodita,
771 1636 872 1702 altera
895 1635 1085 1717 pedicellata
1112 1636 1253 1703 mascula
1278 1639 1331 1703 vel
1360 1645 1484 1705 neutra

205 1734 238 1793 et
262 1733 342 1795 tunc
367 1727 520 1810 glnmelld
548 1733 582 1790 et
601 1726 696 1808 patee
713 1726 880 1791 destituta.
897 1723 1037 1790 Floscuti
1055 1725 1122 1789 bini
1141 1725 1287 1791 interior*
1302 1733 1424 1793 neuter
1439 1729 1487 1795 ad

23 1789 75 1908 ’ξ
203 1817 390 1899 glumellam
411 1815 688 1881 membranaceum
706 1815 863 1881 reductus
880 1813 1376 1882 interdum·nullus.'Glumellae
1395 1816 1490 1885 binae

200 1906 374 1972 flosculum
402 1909 598 1986 superantes
617 1903 755 1970 mutiem
773 1901 936 1968 Glumetla
953 1902 1080 1980 lloseuti
1106 1902 1364 1988 hermaphroditi
1384 1907 1482 1988 apice

202 1995 324 2078 saepius
344 1994 443 2059 bilida
461 1993 572 2059 brevis
589 1998 727 2074 angusta
747 1993 841 2074 longe
870 1990 1004 2057 aristata
1029 1991 1080 2056 vel
1106 1991 1146 2055 ad
1170 1993 1306 2059 aristam
1328 1994 1481 2074 reducta,

75 2085 78 2094 '
200 2085 295 2167 palea
324 2083 544 2149 minutissima
578 2082 698 2163 saepius
730 2080 898 2146 deficiens.
930 2079 1118 2164 Squamulae
1147 2081 1231 2145 binae
1263 2080 1488 2150 subcarnosae

201 2177 361 2239 truncatae
377 2171 505 2253 glabrae.
527 2168 672 2235 Stamina
689 2172 717 2235 3.
738 2169 821 2254 Styli
837 2170 905 2235 bini
923 2168 1123 2236 terminales.
1146 2168 1301 2252 Stigmata
1325 2172 1481 2254 elongata

202 2261 307 2328 dense
325 2261 474 2344 plumosa
500 2259 680 2326 lateraliter
701 2260 912 2342 emergentia.
932 2257 1109 2341 Caryopsis
1126 2258 1264 2341 oblonga
1291 2259 1393 2325 libera
1412 2261 1487 2328 hilo

203 2350 413 2432 punctilormi
438 2348 478 2414 ad
505 2347 596 2413 basin
619 2348 967 2425 iaeiei1ventralis.,—
990 2346 1107 2412 Herbae
1125 2364 1213 2430 saepe
1229 2349 1322 2413 elatae
1338 2350 1487 2434 spiculis

12 2479 68 2544 αἱ..
199 2442 232 2506 in
252 2439 359 2522 spicas
379 2439 470 2505 varie
488 2437 662 2519 dispositas
680 2437 868 2517 imbricatis,
885 2436 1017 2503 rachide
1036 2436 1111 2520 ptus
1129 2437 1240 2502 minus
1260 2437 1383 2519 pilose..

200 2659 321 2728 Sacri.
348 2656 688 2727 SCHIZACHYRlUlt
709 2657 826 2725 Benth.
847 2657 893 2723 m.
918 2655 1035 2723 lustr.
1056 2693 1099 2702 —
1114 2655 1217 2742 spica
1238 2658 1277 2725 ad
1298 2658 1406 2725 culmi
1420 2660 1481 2728 rel

545 2750 616 2832 ejus
637 2766 805 2813 ramorum
821 2747 955 2830 apicem
967 2746 1131 2813 solitariae.

245 2909 272 2970 t.
291 2905 337 2974 Δ.
355 2902 605 2971 toveotaaus
624 2903 742 2983 (Detite
761 2901 816 2984 Eg.
837 2904 887 2986 te,
904 2902 1001 2967 tab.8
1021 2900 1075 2980 lig.
1097 2900 1133 2985 d)
1150 2902 1314 2983 perennis
1324 2902 1483 2984 glauces-

197 3013 274 3061 cens
292 2994 487 3076 cespitosus,
506 2991 757 3069 radicethrosa,
770 2990 886 3056 culmis
903 2989 1021 3056 erectis
1036 2989 1086 3054 vel
1103 2988 1359 3057 ascendentibus
1378 2992 1474 3058 lolio-

196 3084 243 3150 sis
260 3084 298 3148 ad
324 3083 427 3149 nodos
447 3083 542 3147 hirtis
562 3079 766 3164 simplicibus
784 3080 834 3145 rel
851 3098 890 3145 en
910 3078 1017 3144 axillis
1035 3078 1185 3160 ramosis,
1206 3079 1292 3145 loliis
1310 3079 1479 3148 brevibus

195 3176 331 3255 auguste
364 3171 543 3237 linearibus
574 3170 705 3252 plicatis·
724 3169 828 3235 acutis
861 3168 990 3235 interne
1017 3167 1056 3231 ad
1086 3168 1251 3249 margines
1279 3172 1315 3232 et
1342 3170 1477 3252 vaginis

194 3279 284 3326 oram
310 3260 393 3327 ciliis
421 3259 490 3324 basi
518 3258 734 3325 tubereutntis
755 3275 857 3339 parce
878 3256 1010 3335 obsitis,
1028 3255 1129 3336 spicis
1148 3256 1187 3322 ad
1206 3256 1313 3321 culmi
1326 3259 1376 3324 vel
1395 3260 1478 3343 ejus

1 3289 48 3329 nl*

4 3356 75 3407 2
194 3367 360 3415 ramorum
393 3348 515 3431 apicem
549 3346 705 3413 solitariis
737 3347 882 3413 tenuiter
921 3344 1112 3423 linearibus,
1153 3345 1288 3426 spiculis
1331 3346 1478 3413 distiche·

193 3437 372 3504 imbricatis
389 3436 527 3520 geminis
553 3438 657 3502 alterat
680 3435 788 3503 sessili
805 3433 1072 3518 hermaphroditat
1087 3434 1137 3498 vel
1158 3434 1296 3499 femined
1317 3436 1468 3513 aristatd,

193 3525 299 3593 altere
327 3525 518 3610 pediceltata
552 3524 698 3590 masculd
726 3526 777 3589 rel
807 3523 929 3607 saepius
959 3523 1077 3586 neutra
1106 3539 1171 3587 non
1195 3523 1341 3598 arietata,
1367 3525 1476 3606 spiere

4 3576 41 3697 ᾗ.
70 3665 72 3669 ,
193 3616 327 3682 rachide
346 3620 378 3680 et
394 3614 562 3698 pedicellis
588 3613 663 3696 pitis
691 3612 776 3679 albis
801 3613 927 3695 spicula
951 3609 1160 3676 brevioribus
1178 3610 1475 3692 obsitis,.lloscuto

193 3704 341 3771 interiori
359 3703 559 3786 spicularum
580 3707 699 3769 neutro
727 3701 766 3768 ad
791 3701 977 3784 glumellam
1005 3699 1286 3766 membranaceum
1314 3700 1475 3786 reducto,

191 3794 311 3874 glumis
336 3793 471 3876 spiculae
501 3792 777 3874 hermaphroditae
801 3787 1020 3857 subcoriaceis
1049 3787 1171 3868 glabris
1199 3789 1289 3871 apice
1316 3790 1473 3856 breviter

191 3883 345 3950 ciliatulis
362 3902 380 3948 a
397 3881 497 3947 dorso
512 3881 774 3964 complanatiset
786 3880 942 3945 inferiore
960 3878 1023 3943 sub
1040 3878 1130 3958 apice
1144 3879 1270 3944 loreolt
1283 3877 1468 3945 orbiculari

191 3973 348 4055 pertusio,
367 3971 522 4052 glumeltt
539 3970 580 4034 ad
596 3970 730 4036 aristam
748 3973 877 4035 tenuem
891 3967 1020 4049 spicula
1033 3966 1158 4048 bd-plo
1171 3966 1349 4047 longiorem
1371 3968 1472 4049 geni<

190 4060 330 4127 culatam
359 4068 392 4127 et
428 4064 607 4125 contortam
633 4060 674 4124 ad
699 4057 822 4140 apicem
851 4056 987 4139 spinulae
1010 4054 1156 4138 fragilem
1195 4055 1341 4135 reducti,
1369 4055 1470 4137 palem

187 4148 344 4231 obsoletat,
361 4149 495 4231 spiculae
514 4147 668 4214 rnasculae
685 4147 737 4212 vel
754 4149 891 4211 neutrae·
901 4144 1066 4227 glumallis
1086 4143 1207 4226 saepius
1223 4145 1324 4210 nullis
1355 4146 1402 4216 hp,
1420 4146 1462 4209 A.

186 4236 446 4317 monostuchpua
465 4237 604 4320 Spreng.
626 4236 706 4317 Png.
725 4236 755 4315 i,
777 4237 823 4301 9..

222 4348 299 4404 Hah.
315 4349 346 4404 in
360 4349 492 4404 arenosis
507 4347 691 4403 desertorum
708 4345 819 4417 Egypti
833 4359 925 4418 prope
938 4344 1014 4400 Suez
1025 4343 1104 4413 (Del.
1118 4341 1264 4410 Ehreubt)
1275 4345 1304 4396 et
1312 4340 1467 4398 Kahiram

188 4419 414 4489 (Sichenberger
423 4421 454 4488 t),
472 4419 504 4473 in
518 4418 676 4474 maritimis
690 4416 973 4490 Egyptieuperioris
987 4417 1066 4470 inter
1077 4413 1199 4471 Kosseir
1212 4416 1244 4469 et
1257 4413 1327 4468 Ras-
1341 4413 1468 4469 Banasa·

187 4489 355 4558 (Schweinl
363 4493 392 4560 t),
405 4504 496 4560 regno
506 4490 636 4546 Mose-ate
651 4488 769 4545 hrabiae
783 4487 890 4557 (bucha
905 4486 1023 4557 stete),
