3242 5124
723 373 895 418 GNETAGEAE

475 694 594 770 ORD.
623 695 805 772 exunt.
832 692 1136 769 GNETAGEAE

619 919 739 1003 (illum.
767 919 890 1003 Expos.
927 919 994 1002 bb).

208 1113 323 1181 flores
348 1115 560 1182 nnisexnales
577 1117 755 1182 amentacei
779 1115 917 1182 monoici
938 1116 989 1182 vel
1020 1113 1114 1180 diolci
1136 1114 1277 1180 bracteis
1305 1113 1446 1197 vaginae-

161 1203 322 1272 formibus
340 1204 389 1272 rel
410 1204 511 1288 paleis
531 1204 793 1271 setaceo-taceris
812 1205 895 1270 fulli.
913 1204 1013 1271 lituro.
1032 1203 1269 1271 Involucellum
1297 1205 1444 1286 vaginae·

115 1363 118 1377 ,
162 1293 266 1362 forme
297 1294 582 1362 membranaceum
601 1292 736 1361 bifidum
757 1299 884 1360 stamen
915 1295 1046 1359 unicum
1071 1297 1128 1360 aut
1147 1291 1241 1376 plura
1266 1291 1300 1358 in
1321 1291 1445 1358 oolnm-

167 1401 243 1447 nam
275 1389 413 1448 connata
440 1383 623 1463 includens,
639 1385 774 1450 anthera
792 1383 850 1447 bt
868 1383 1021 1449 locuturis
1037 1382 1129 1464 apice
1146 1381 1236 1465 poris
1259 1380 1445 1448 dehiscens.

162 1469 249 1538 Fortu
267 1469 411 1538 Ovulum
423 1472 605 1538 solitarium
621 1473 672 1538 vel
688 1473 763 1539 bina
781 1471 977 1539 inuolucello
994 1471 1116 1556 duplici
1137 1470 1188 1536 vel
1201 1471 1322 1552 triplici
1338 1471 1444 1536 cincta

164 1560 287 1627 extimo
308 1577 365 1626 ore
383 1565 521 1642 angusto
541 1568 655 1643 aperto
673 1562 788 1627 intimo
805 1560 837 1626 in
859 1560 1011 1627 tubulnm
1040 1566 1183 1627 exserto.
1215 1559 1334 1626 Semen
1361 1560 1447 1624 inte-

164 1654 320 1730 gumento
338 1649 504 1716 exteriore
521 1649 668 1717 coriaceo
690 1651 742 1715 vel
762 1667 902 1716 carnoso
929 1655 1228 1717 mucamentnceum
1254 1651 1305 1716 vel
1324 1649 1446 1732 drnpa-

163 1755 269 1804 oeum.
292 1737 437 1820 Embryo
462 1739 495 1804 in
528 1739 579 1804 axi
607 1739 786 1805 albuminis
816 1740 944 1805 carnosi
969 1741 1157 1822 antitropus
1193 1738 1446 1824 cotyledooibns

165 1827 268 1894 binis.
293 1865 334 1876 -
349 1828 498 1894 Arbores
512 1829 564 1895 vel
583 1827 729 1896 frutices.

549 1997 729 2138 nannum
755 2063 807 2158 n.
840 2066 914 2142 ran.
942 2063 1052 2159 nau

210 2267 324 2336 flores
356 2269 451 2336 dioioi
484 2269 654 2335 rarissime
679 2269 818 2338 monnici
844 2272 1036 2338 amentacei.
1057 2269 1158 2336 Marc.
1185 2274 1325 2340 Amenta
1349 2276 1448 2336 orata

163 2359 306 2426 bracteis
338 2358 574 2442 quadrifariam
598 2357 780 2426 imbricatis
811 2361 1007 2427 constantia.
1029 2359 1102 2426 flos
1127 2362 1161 2426 in
1185 2361 1284 2426 anilla
1306 2358 1449 2426 bracteae

165 2449 336 2514 solitarius
354 2447 552 2514 staminibus
569 2448 602 2514 in
619 2447 752 2514 ¹unicam
766 2450 956 2515 columnam
971 2449 1097 2516 coalitis
1117 2455 1281 2529 constans,
1299 2448 1462 2514 antherae·

164 2538 197 2603 in
217 2537 369 2603 columna
397 2537 534 2604 sessilcs
560 2538 610 2603 vel
630 2537 795 2620 stipilatae.
815 2539 901 2604 Fam.
918 2540 1130 2605 involucrum
1157 2539 1285 2620 vaginis
1304 2538 1447 2622 3·plnri·

166 2627 227 2694 bus
244 2625 357 2693 bifidis
386 2627 435 2694 vel
460 2625 580 2692 bilobis
607 2625 807 2694 decussatim
829 2628 1009 2695 imbricatis
1025 2629 1159 2695 ovnloi
1185 2628 1294 2694 rarius
1314 2627 1447 2692 unicum

164 2715 384 2783 fulcrantfbus
401 2720 566 2781 constans.
584 2713 727 2781 Seminis
744 2717 981 2783 involuoetlum
1000 2718 1149 2784 exterius
1163 2717 1256 2800 apice
1273 2721 1448 2800 pertusum

37 2870 42 2879 ,
165 2805 307 2871 interius
324 2805 358 2870 in
377 2805 530 2872 tubillum
552 2822 592 2870 ex
610 2821 668 2870 ore
684 2805 860 2871 exterioris
884 2811 1062 2873 exsertum.
1082 2805 1344 2872 Pseudonuculae
1368 2803 1448 2871 sub·

164 2893 383 2980 corinoeae(in
400 2891 538 2978 nostris)
558 2891 599 2957 ob
627 2894 760 2976 raginus
776 2895 937 2961 involucri
958 2895 991 2960 in
1012 2897 1118 2961 fructu
1133 2896 1256 2980 saepins
1276 2893 1450 2961 succulen-

40 2987 42 2991 '
163 2988 214 3049 tas
232 2983 456 3050 bacciformes.
476 3018 517 3028 -
535 2981 684 3048 Frutices
701 2985 839 3050 ramulis
857 2983 1037 3050 articulatis
1049 2985 1191 3066 aplryflis
1206 2985 1258 3050 vel
1272 2984 1313 3048 ad
1331 3001 1447 3048 ramos

164 3070 310 3226 norellots
328 3071 413 3138 foliis
430 3071 591 3154 oppositis
618 3071 798 3139 linearibus
817 3072 947 3152 obsitis‚
966 3073 1009 3138 ad
1028 3073 1276 3140 articulationes
1298 3071 1452 3138 breviter

165 3179 283 3244 ungrna
299 3177 339 3227 rs.

478 3429 667 3513 Spanianum
693 3427 913 3498 Orientalium
945 3432 1130 3515 dispositio.

328 3617 338 3637 '
357 3617 588 3674 Pseudonuoula
601 3617 762 3674 involucro
778 3617 900 3674 demum
914 3618 1087 3676 succulento
1103 3619 1261 3692 dropacea.

494 3772 527 3835 ÷
547 3766 699 3840 Apbyllae.
713 3796 749 3808 -
767 3767 917 3825 involucri
929 3769 1051 3841 vagina
1071 3769 1191 3841 glabrae.

194 3887 230 3944 Ε.
243 3887 409 3964 dutacbyo,
422 3887 623 3964 paobycludo,
635 3889 840 3961 Nebrodeurir,
850 3889 981 3965 suaptim,
995 3891 1228 3966 eumpyfopodm
1240 3891 1428 3966 podotyfuu-

204 4044 238 4102 -1-
259 4044 291 4109 -t-
312 4039 359 4096 Ad
376 4055 476 4097 ramos
491 4041 600 4098 saltem
620 4040 758 4097 novellos
772 4040 891 4098 foliatae.
907 4041 949 4086 -'
961 4042 1111 4101 involucri
1127 4044 1247 4116 vaginae
1260 4042 1415 4100 cilietulae.

89 4199 98 4206 -
201 4163 236 4220 Ε.
251 4163 331 4234 Alte,
344 4165 465 4236 foliata,
484 4165 638 4240 polptepr’r,
649 4163 876 4238 peduncutaria.

292 4315 301 4334 ·
320 4313 469 4372 involucri
487 4315 626 4372 fructiferi
643 4317 763 4388 vaginae
779 4316 840 4373 late
856 4317 1091 4376 membranaceae
1105 4332 1166 4374 non
1180 4331 1323 4375 carnosae.

203 4432 239 4490 Ε.
255 4434 352 4494 duta.

676 4575 942 4584 m
