3242 5124
179 326 238 384 .758
429 338 622 382 EMENDANDA
641 339 681 381 ΕΤ
700 341 847 382 nubamus
866 339 908 380 ab
927 337 1071 381 VOLUMEN
1090 337 1229 387 Quirinius

188 453 264 538 Pap.
283 433 365 519 314.
390 449 442 518 Ad
458 449 746 537 Asphodalus
764 451 1016 522 fistulosus,
1035 451 1083 519 lix
1104 423 1302 520 habitatione
1320 451 1468 538 Egyptus

321 541 413 626 prob.
435 541 575 608 delenda
594 540 765 627 (Asabers.
785 545 821 610 in
841 541 932 620 litt).

130 656 133 664 ’
185 682 262 765 rag.
286 681 361 748 aar.
386 681 632 750 ursmarus
649 681 916 752 aatcaasona.
934 681 1160 750 andenam.
1179 679 1358 748 anama
1377 681 1467 764 xix,

321 771 386 838 tab.
405 773 457 838 il.
480 772 528 836 Ex
554 772 646 839 icone
674 773 840 839 filarncnta
869 773 1037 858 perigcnic
1060 773 1156 838 tertiat
1181 777 1273 854 parte
1302 771 1468 849 breviora.

322 863 468 928 antberae
488 859 636 943 oblongae
654 881 713 929 nec
729 863 883 944 globosae,
904 863 1010 944 stylus
1026 879 1091 927 nan
1109 867 1273 928 exsertus.
1293 941 1296 946 Ι

188 1003 266 1087 Pag.
294 1005 367 1072 331.
393 1004 472 1072 Post
492 1003 606 1074 Gnarus
625 1005 756 1074 Paris
774 1005 858 1072 adda

500 1257 772 1336 *immittitu
799 1258 913 1356 (liuntb
941 1261 1049 1336 linum
1075 1261 1124 1345 lt,
1145 1283 1173 1356 p.
1200 1259 1291 1354 1211).

367 1466 483 1532 Floras
512 1466 783 1548 hermaphroditi.
812 1465 1024 1550 Perigcnium
1051 1466 1284 1550 bexapbplium
1316 1467 1466 1550 regulare

324 1556 506 1640 persistens
524 1555 645 1639 phyllis
661 1555 814 1621 omnibus
831 1555 1025 1640 petulcideis
1043 1555 1281 1638 patentissimis
1301 1556 1468 1641 subaequi-

324 1646 429 1728 longis
443 1643 630 1710 lanceolatis
651 1645 847 1711 acuminatis
865 1645 1079 1712 interioribus
1103 1645 1361 1728 angustioribus.
1385 1646 1467 1714 Fila·

322 1742 431 1800 menta
449 1752 507 1800 sex
525 1734 599 1799 imae
619 1735 689 1801 basi
709 1735 898 1818 pbylicrurn
925 1735 1060 1801 inserta.
1088 1734 1245 1800 Antberae
1268 1734 1466 1803 bilncuiaras

320 1823 464 1888 lineares
480 1823 551 1889 basi
568 1824 676 1888 bifidae
692 1824 783 1904 apice
805 1823 951 1889 breviter
968 1829 1000 1892 at
1019 1822 1136 1890 obtuse
1151 1831 1360 1890 mucronata.
1377 1823 1464 1889 Ova-

325 1913 411 1978 rium
430 1911 569 1977 liberum
591 1913 710 1980 sessile
728 1913 989 1979 ovato-conicum
1012 1913 1210 1979 triloculare.
1230 1909 1388 1996 Stigmata
1405 1914 1468 1980 tria

320 2001 448 2066 sessilis
467 2005 615 2084 elongata
631 2001 786 2068 subulata
804 2001 926 2084 patula.
949 2001 1092 2068 Fructus
1112 2001 1265 2069 buccatas
1285 2002 1466 2084 ovato-gis

321 2089 422 2156 bosus
449 2090 597 2157 breviter
626 2091 822 2174 apiculatus.
847 2127 888 2138 -
918 2089 1026 2156 Harba
1056 2091 1233 2156 rbinomatc
1261 2091 1468 2171 borizontaii‚

320 2180 414 2246 caule
433 2179 572 2263 simplici
589 2181 681 2265 apice
701 2180 919 2246 verticiiiatim
938 2179 1094 2262 triphyllo
1113 2180 1267 2246 unisscrn.

373 2336 401 2398 1.
415 2333 458 2399 Τ.
469 2333 784 2400 Govanlanum
799 2330 906 2417 (Wail.
921 2332 990 2398 Cat.
1006 2332 1051 2397 Ν0
1067 2335 1132 2399 313
1150 2334 1212 2400 snb
1227 2332 1369 2420 Trttta‘c),
1385 2335 1471 2402 loliis
1612 2285 1614 2340 3

322 2421 469 2488 breviter
487 2423 652 2506 petiolatis
672 2424 779 2489 oratis
799 2423 1181 2489 attenuato-'acuminatis
1193 2423 1326 2504 glabris,
1341 2424 1468 2508 pedun-
1557 2467 1559 2474 r

320 2513 396 2578 culo
421 2511 493 2577 lior.
511 2512 675 2590 breviore,
694 2512 855 2596 paripcnii
876 2512 1111 2595 atropurpnrei
1131 2513 1252 2594 phyllis
1281 2513 1468 2580 lanceolatis

320 2601 528 2683 acuminatis,
555 2601 752 2667 staminibus
779 2601 947 2684 perigonic
972 2602 1157 2684 quadruplo
1183 2601 1394 2668 brevioribus
1420 2605 1467 2675 Qt.

303 2694 306 2701 '
324 2688 427 2772 Roylc
444 2689 571 2756 illustr.
592 2690 657 2755 tab.
673 2691 729 2765 93,
743 2691 796 2773 fig.
818 2688 843 2754 Ι.

353 2803 431 2860 Hab.
448 2805 481 2860 in
494 2805 573 2862 valle
586 2806 703 2862 Kuram
717 2804 886 2878 Affghaniae
902 2804 1012 2873 (Aitcb.
1030 2803 1117 2873 2621).

349 2903 395 2958 Ar.
409 2903 511 2974 dsopr.
527 2903 689 2976 Hinralaya
703 2907 876 2976 temperata.

41 3050 44 3055 ’
186 3043 265 3126 Pag.
291 3039 365 3108 341.
391 3043 568 3113 Rusous
587 3045 830 3114 aculeatus.
840 3027 928 3110 Hah.
946 3061 1078 3129 quoque
1095 3044 1129 3110 in
1151 3045 1279 3111 Troade
1302 3043 1423 3129 (Sint).

185 3183 265 3269 Pag.
291 3184 367 3250 342.
392 3186 569 3254 Russus
584 3183 926 3270 hypophyllum.
951 3183 1033 3250 Hab.
1059 3202 1190 3268 quoque
1211 3186 1245 3250 in
1274 3185 1398 3254 Troade
1427 3185 1470 3252 ad

323 3275 446 3342 iontem
462 3275 654 3343 Scamandri
672 3273 813 3360 (diaria,
829 3272 992 3356 virenon,
1011 3273 1190 3364 *Sintanisl
1282 3280 1294 3324 '-
1334 3335 1338 3342 ,

187 3417 264 3498 Pap.
289 3416 366 3499 345,
384 3417 462 3482 346.
482 3417 526 3482 Ut
546 3419 613 3501 jam
637 3414 826 3498 suspicatus
850 3412 896 3478 sai
925 3412 1216 3498 Commolyna
1239 3412 1471 3482 nudiilora

320 3512 353 3572 et
379 3507 421 3574 G.
450 3505 667 3588 Kotsohyi
694 3505 728 3569 in
759 3502 882 3586 egypto
915 3519 1090 3586 perperam
1134 3503 1285 3569 indicatae
1313 3510 1392 3571 sunt
1427 3520 1470 3570 er

322 3594 431 3663 Nubiai
450 3601 484 3662 ct
510 3595 621 3662 Africi
639 3592 763 3676 tropica
782 3596 908 3656 tantum
920 3591 1069 3657 oriundae
1084 3590 1256 3676 (Ascbers.
1272 3592 1306 3658 in
1326 3593 1415 3676 litt).

188 3740 265 3822 Pag.
290 3741 366 3806 347.
390 3739 558 3807 Luzula
581 3737 731 3824 pilosa
755 3734 849 3800 adda.
878 3731 960 3798 Hab.
980 3750 1113 3817 quoque
1149 3733 1181 3799 in
1219 3739 1329 3802 monte
1355 3733 1470 3801 Haemo
1593 3703 1598 3712 ¹

220 3887 223 3894 .
247 3867 250 3872 n
323 3829 472 3895 Tbraciae
489 3827 543 3914 (cx
557 3826 663 3892 Janka
681 3824 753 3890 ssot.
773 3822 884 3889 Canta.
904 3821 992 3887 Blatt
1010 3823 1103 3901 1883,
1125 3841 1155 3906 p.
1178 3824 1228 3890 13.

188 3961 264 4052 Pag.
290 3970 365 4124 34Ἱ3.
389 3969 569 4144 Lgiunzaslat
584 3967 768 4140 spicata.
794 3963 877 4030 Hab.
906 3980 1038 4048 quaque
1062 3963 1096 4030 in
1120 3983 1249 4035 summo
1276 3969 1388 4032 monta
1410 3963 1470 4031 lda

350 4078 408 4126 roa
435 4079 461 4127 rs
519 4079 553 4126 rn
573 4103 608 4124 ..

173 4199 263 4282 *Pap
289 4199 364 4266 349.
389 4199 555 4270 Luzula
574 4197 834 4267 multiilora.
855 4195 936 4262 Hab.
953 4195 987 4262 in
1006 4195 1135 4263 Troade
1151 4194 1192 4262 ad
1212 4194 1352 4262 Renkioi
1377 4199 1411 4263 el
1433 4197 1471 4264 in

322 4303 433 4357 monte
453 4289 511 4358 Idu
526 4289 650 4375 (Sint).

176 4419 268 4504 ¹«Peg.
287 4417 361 4485 351.
386 4421 465 4487 Post
480 4421 505 4487 J
507 4435 675 4488 unoum
691 4417 886 4487 ailusum
903 4416 985 4484 adde
