3192 5102
178 317 231 378 150
687 334 955 381 annuntiaturae
1282 319 1457 378 Narcissus,

179 553 236 618 Ta.
258 554 298 620 Il.
326 550 588 620 nnaotsssAE.
604 552 700 619 Endl.
727 589 768 602 -
792 553 953 636 Perigonii
975 555 1051 621 larix
1075 557 1195 620 corona
1213 559 1320 621 airola.
1338 554 1460 623 Herbae
1583 535 1585 544 ’

644 642 793 710 bulbosae
810 645 998 726 scapigerae.
1584 667 1585 682 .

571 873 781 952 nsaorssos
809 876 853 970 n.
878 876 952 952 on.
979 875 1070 970 roa).

223 1082 433 1166 Perigonium
458 1100 617 1166 superum
642 1082 837 1148 corollinum
864 1081 941 1148 tubo
968 1081 1118 1163 elongato
1138 1081 1236 1148 limbo
1261 1081 1457 1165 hypocrate-

179 1173 306 1239 rilormi
337 1173 529 1256 sexpartite.
556 1169 682 1239 Corona
710 1171 936 1254 campanulata
962 1173 1012 1236 vel
1039 1173 1208 1254 copularis
1236 1173 1363 1254 integra
1404 1173 1459 1237 vel

179 1263 299 1345 partita
318 1267 374 1329 aut
389 1262 570 1328 crenulata.
593 1260 736 1327 Stamina
755 1261 833 1328 tubo
853 1261 1010 1342 perigenii
1030 1261 1114 1328 inira
1145 1278 1299 1327 coronam
1332 1261 1460 1328 inserta

179 1357 212 1418 et
231 1352 271 1417 ab
300 1353 336 1418 ea
367 1351 481 1429 libera,
503 1351 650 1418 antherae
669 1349 775 1415 medlo
800 1349 897 1416 dorso
923 1350 1039 1416 allisae.
1060 1351 1217 1417 Ovarium
1244 1355 1375 1416 oratum
1405 1353 1458 1415 vel

177 1441 355 1524 oblongum
386 1441 562 1523 trigonum,
581 1439 696 1505 loeulis
719 1440 737 1503 8
758 1439 1000 1528 pluriovulatis‚
1018 1440 1125 1524 stylus
1150 1440 1323 1512 fililormis,
1342 1442 1461 1523 stigma

179 1536 366 1597 truncatum
381 1529 432 1596 vel
451 1529 684 1597 subtrilobum.
702 1525 842 1610 Capsula
861 1527 1028 1596 locullcide
1051 1529 1211 1594 lrivalvis
1236 1527 1367 1597 Semina
1383 1531 1461 1598 sob-

177 1619 312 1701 globosa
338 1621 387 1684 vel
407 1619 558 1702 angulata
587 1619 668 1684 testa
692 1620 861 1683 crustacaa
886 1617 990 1700 nigra.
1009 1655 1051 1664 —
1068 1617 1187 1686 llerbee
1205 1637 1369 1702 perennes
1386 1619 1460 1687 bol·

178 1707 266 1774 bosae
285 1709 423 1776 floribus
440 1709 592 1792 pluribus
612 1707 721 1774 rarius
745 1707 901 1774 solitariis
918 1709 1032 1790 spatha
1049 1707 1197 1774 inclusis.

225 1877 252 1940 l.
275 1875 325 1940 N.
345 1871 610 1941 radllflorus
630 1871 758 1946 (Salisb.
781 1872 896 1938 Prodr.
918 1891 949 1955 p.
972 1872 1052 1957 115)
1069 1874 1155 1942 loliis
1172 1881 1310 1960 anguste
1325 1879 1464 1943 lineari·

177 1965 241 2030 bus
269 1965 398 2032 obtusis
420 1964 635 2047 planiusculis
661 1964 777 2030 obtuse
802 1963 967 2038 carinatis.
997 1981 1094 2047 scapo
1123 1967 1234 2047 gracili
1263 1985 1457 2050 compresso

179 2054 311 2138 arloipiti
342 2053 496 2131 lartilloro,
520 2051 600 2118 flore
625 2053 712 2118 intra
733 2053 881 2136 spatham
900 2053 1103 2134 longiuscule
1126 2055 1458 2139 pericolusam

179 2143 242 2209 sab
258 2145 386 2211 anthesi
407 2143 515 2223 tereti,
537 2141 698 2226 porigonli
722 2142 785 2206 albi
806 2141 925 2223 phyllis
941 2141 1247 2228 ellipticooblongis
1266 2146 1369 2212 aciatis
1388 2144 1458 2210 dis-

178 2233 287 2313 cretis,
305 2236 424 2300 corona
442 2231 640 2298 brevissima
659 2231 808 2314 capulari
826 2234 935 2298 areatat
956 2231 1076 2298 llasrida
1098 2235 1242 2316 margine
1259 2235 1459 2300 suborenalo

177 2323 327 2390 coccineo
344 2323 449 2419 cinola
474 2325 516 2392 ll.
534 2319 636 2386 Rchb.
657 2318 766 2386 Germ.
787 2321 840 2402 lig.
859 2321 936 2386 809.
956 2357 997 2368 —-
1018 2319 1055 2386 N.
1074 2322 1220 2402 poeticus
1246 2323 1312 2389 Sm.
1342 2322 1460 2389 Prodr.

215 2522 294 2578 Hab.
313 2523 343 2578 in
357 2523 451 2594 pratis
467 2521 635 2594 subalpinis
650 2524 679 2578 et
699 2521 817 2589 alpinis.
831 2521 862 2576 in
883 2521 1024 2577 Helicone
1043 2525 1072 2578 et
1083 2522 1153 2580 aliis
1164 2522 1319 2580 montibus
1333 2523 1461 2598 Gracia

177 2594 423 2665 septentrionalis
440 2593 586 2664 (Hawk.),
598 2608 685 2650 mons
699 2593 767 2648 AEta
786 2591 932 2663 (Heldrl).
952 2591 995 2648 Ft.
1011 2596 1073 2649 Oet.

213 2693 262 2746 llr.
278 2693 382 2762 Geogr.
397 2691 507 2757 Gallia,
522 2691 670 2762 Helvetia,
685 2690 845 2746 Germania
860 2690 1008 2760 australis,
1028 2690 1114 2747 Italia
1137 2691 1273 2764 borealis,
1296 2691 1462 2762 Dalmatia,

179 2763 263 2832 regio
279 2761 469 2834 Danubialis,
482 2762 595 2818 Serbie.

216 2859 279 2916 Oba.
294 2862 330 2917 N.
346 2860 612 2933 pseudonarcisaus
626 2861 658 2917 L.
672 2862 702 2916 in
716 2861 850 2916 Caucaso
866 2861 1003 2916 orientali
1017 2861 1069 2931 (M.
1084 2859 1133 2931 B.)
1149 2864 1178 2916 et
1190 2877 1273 2933 prou.
1294 2861 1459 2933 Karabegh

177 2929 324 3002 (Elabar.)
336 2933 483 2989 indicatur
493 2933 546 2988 sed
555 2949 572 2988 a
580 2933 791 2988 recentioribus
800 2947 859 2987 non
870 2932 1055 2988 observatus.
1064 2933 1194 2988 Probab.
1204 2949 1264 2988 non
1275 2937 1460 3004 spontaneus

178 3017 249 3058 nam
260 3003 350 3076 hujus
361 3005 470 3076 speciei
485 3004 631 3076 Europeae
645 3019 715 3060 aree
728 3003 808 3059 ultra
820 3004 970 3075 regionem
985 3003 1186 3060 Danubialem
1202 3019 1261 3060 raon
1278 3005 1454 3060 extenditar.

223 3154 253 3216 1.
272 3153 320 3220 N.
340 3155 519 3222 Tazetta
536 3153 587 3238 (L.
608 3152 759 3239 spara)
779 3154 864 3220 loliis
884 3156 941 3219 [1-6
967 3155 1253 3238 glauceseentibns
1273 3155 1457 3222 linearibus

175 3241 306 3308 obtusis
335 3244 559 3326 planiussnlis
578 3261 675 3328 scapo
703 3243 835 3325 ancipiti
867 3244 958 3326 apios
987 3246 1172 3325 alo-floro,
1195 3243 1363 3329 pedicellis
1380 3245 1460 3311 inae-

176 3331 332 3413 qualibus
352 3332 554 3414 longioribus
570 3333 685 3398 llorem
706 3337 738 3399 et
757 3333 906 3414 spatham
920 3334 1091 3416 oblongam
1109 3334 1358 3417 superantibus,
1373 3337 1458 3417 peri-

176 3421 264 3501 genii
287 3419 364 3487 tubo
382 3421 508 3488 laciniis
525 3422 713 3505 patentibus
731 3422 813 3488 albis
831 3424 882 3490 vel
905 3422 1024 3505 pallide
1048 3423 1251 3490 ochroleucis
1271 3423 1457 3490 alternatim

176 3509 351 3590 spiculatis
369 3511 591 3594 sublongtore.
604 3514 723 3579 corona
739 3514 839 3578 aurea
852 3513 1001 3595 capulari
1021 3511 1147 3579 laciniis
1161 3511 1347 3580 alternatim
1367 3512 1459 3578 latio·

179 3597 273 3664 ribus
293 3599 416 3683 bat-plo
439 3601 589 3668 breviore
610 3607 655 3672 tl.

212 3709 330 3782 Species
343 3727 531 3786 summopere
546 3713 698 3770 variabilis
710 3714 794 3786 cujus
818 3728 878 3770 non
900 3713 1012 3770 formas
1035 3727 1149 3785 omnes,
1161 3714 1215 3770 aed
1240 3701 1458 3786 frequentiores

177 3784 209 3838 et
221 3784 317 3854 magis
330 3784 479 3842 notabiles
492 3800 641 3842 enumero.

183 3925 187 3943 .
225 3911 245 3950 α
265 3882 407 3966 tppiaa.
427 3919 464 3930 -
492 3885 655 3966 Perigonii
678 3884 852 3952 mediocris
870 3883 1000 3950 ‚laciniae
1023 3890 1118 3950 ovalo
1136 3886 1189 3952 vel
1209 3884 1457 3966 oblongo-ellip-

179 3971 261 4048 licaa,
283 3990 403 4040 corona
429 3973 556 4040 laciniis
585 3974 685 4056 triplo
717 3973 851 4040 brevior
882 3974 998 4055 plicata
1029 3973 1230 4056 subintegra.
1257 4007 1301 4024 -·-
1334 3973 1380 4040 Ic.
1411 3975 1458 4040 st.

176 4057 282 4127 Graeo.
302 4059 369 4127 tab.
390 4063 465 4127 308.
486 4097 527 4109 -
547 4061 651 4130 Rchb.
674 4059 788 4128 Germ.
807 4063 862 4144 fig.
881 4064 956 4130 811.

181 4215 184 4226 .
214 4169 291 4229 Hah.
304 4170 335 4227 in
350 4171 477 4228 collibus
491 4175 520 4227 et
535 4173 628 4244 pratis
648 4172 778 4242 regionis
799 4171 952 4242 inferioris,
973 4173 1091 4231 Graecia
1108 4173 1224 4242 (Siblhl
1243 4171 1374 4239 Heldrl),
1397 4173 1457 4242 By-

179 4243 315 4298 zantium
337 4241 436 4312 (Wied
450 4245 481 4313 l),
504 4242 591 4313 Syria
610 4243 746 4299 littoralis
768 4242 857 4314 (ΒΗ),
873 4242 1038 4300 Damascus
1057 4248 1087 4300 et
1099 4245 1300 4301 'Antilibanus
1324 4243 1459 4310 (Graillll⁹

178 4310 313 4385 Egyptus
325 4313 363 4370 ad
377 4314 591 4370 Alexandriam
604 4315 745 4383 (Letourn
756 4315 787 4442 2.
803 4315 848 4370 Ex
866 4315 965 4372 Persia
989 4313 1126 4373 orientali
1150 4316 1188 4372 ad
1213 4315 1333 4372 Tebbes
1356 4314 1461 4372 retulit

175 4383 264 4440 amic.
282 4383 343 4456 Bge
356 4385 409 4442 sed
423 4400 461 4442 aa
478 4385 519 4440 ibi
535 4389 742 4458 spontaneus?
780 4386 798 4440 l.
814 4387 898 4442 Vere.

223 4482 447 4568 ssSgriacns.
476 4519 512 4530 -
552 4484 720 4567 Perigonii
746 4483 871 4550 laciniae
905 4481 1052 4567 oblonga
1081 4483 1246 4566 longiores
1274 4491 1307 4550 et
1334 4457 1462 4566 angus-¹.
