3142 5102
53 379 56 384 ἱ
173 311 211 367 li
719 321 919 364 aunonensem
1269 309 1457 384 Triplocdzir.

75 422 77 426 ’
174 432 218 591 ἑο.
253 435 471 590 Βατὲεέὲῖᾙ.
489 469 529 482 -
549 433 650 502 Rchb.
669 433 783 502 Germ.
802 433 855 516 fig.
875 434 968 498 9-i6.
989 468 1029 482 -
1057 431 1088 498 Τ.
1113 433 1394 522 palustrerard.
1416 440 1460 506 1..

5 541 7 572 ⁵
53 603 56 608 .
199 545 299 610 p..p.
389 573 397 590 ·

14 663 16 668 ’
124 763 125 768 Ν
174 706 285 772 (nem

210 635 288 693 Hab.
302 637 333 692 in
348 637 478 692 arenosis
488 635 648 692 maritimis
661 635 776 706 Atticae,
785 635 824 690 ad
838 635 999 690 Phalerum
1010 634 1127 703 (Boissi
1141 634 1265 707 Heldrt)
1277 637 1316 694 ad
1330 639 1454 698 Eleusin

290 711 319 774 t,
346 709 377 763 in
403 705 505 762 insula
529 707 644 778 Aegina
671 707 812 780 (Sprunl)
830 706 869 762 ad
895 704 996 761 littora
1019 705 1113 762 creta
1138 706 1292 779 (Heldrt)‚
1315 709 1456 782 Smyrnae

173 778 245 849 (Bal
254 781 275 848 l)
289 711 333 834 1⁴21.
346 780 410 850 Apr
432 777 501 834 Jnn.

209 875 256 930 Ex
268 877 304 932 cl.
318 875 476 931 Chamisso
490 877 519 930 et
531 874 688 947 Schlecbt.,
700 876 733 932 Ε.
747 875 826 946 Moy.
840 873 1015 946 Bucbeneu,
1029 874 1068 930 M.
1078 875 1208 944 Micholi‚
1220 879 1273 932 etc.
1294 878 1324 935 Τ.
1337 878 1452 936 Berre-

6 989 7 992 ,
53 961 54 964 ’
173 946 275 1002 licita
298 945 329 1002 Τ.
350 945 466 1003 baldoso
488 948 617 1018 Capensi
640 947 774 1019 specifice
791 961 851 1000 non
865 944 976 1016 differt3
996 947 1158 1017 specimina
1174 946 1321 1019 Capensia
1348 956 1452 1007 tamen

53 1039 55 1044 ¹
173 1018 257 1073 libris
271 1019 438 1074 tunicarum
452 1017 550 1072 multo
563 1018 779 1089 copiosioribus
790 1015 984 1088 rigidioribus
1000 1021 1029 1071 et
1043 1033 1170 1088 superne
1182 1017 1271 1090 longe
1297 1021 1453 1092 productis

171 1091 337 1161 pracsertim
363 1088 558 1159 stigmatibus
583 1088 674 1161 duplo
704 1088 893 1157 longioribus
924 1087 1290 1157 triangulari-lanceolam
1323 1093 1454 1164 patenti·

172 1161 305 1215 recurvis
327 1174 381 1216 nec
398 1161 495 1214 ovatis
517 1159 633 1214 obtusis
654 1159 771 1215 differre
786 1159 924 1214 observo.
945 1159 1080 1229 Speciem
1094 1160 1212 1214 astinem
1230 1160 1260 1216 Τ.
1272 1161 1454 1220 tumidorum

172 1231 261 1286 Gnss.
272 1229 353 1286 loliis
365 1231 505 1302 utrinque
515 1230 613 1302 planis
625 1235 654 1286 et
665 1229 789 1286 sulcatis
801 1233 884 1286 varie
896 1229 990 1298 flexis,
999 1231 1127 1300 capsulis
1138 1230 1259 1287 brevius
1267 1233 1452 1304 pedicellatis

173 1305 203 1356 et
216 1303 268 1428 agi
282 1303 441 1430 adprgssis,
455 1301 581 1357 tiorendi
594 1305 727 1374 tempore
742 1299 914 1356 autumnali
926 1301 1059 1372 specifice
1081 1300 1254 1358 distinctum
1276 1319 1313 1359 ex
1337 1305 1454 1362 ditione

172 1387 233 1428 non
257 1389 308 1428 um
323 1375 353 1428 vt
377 1373 394 1428 i.

207 1470 256 1524 Ar.
282 1468 384 1539 (iacgr.
412 1467 578 1531 Lusitania,
603 1467 759 1541 Hispania,
779 1467 878 1523 Gallia
904 1467 1094 1525 occidentalis
1122 1471 1152 1524 et
1176 1469 1326 1542 australis,
1350 1472 1454 1546 ltalia,

171 1538 334 1613 Dalmatia,
346 1539 445 1595 Africa
460 1539 599 1595 borealis.

493 1819 616 1892 oui).
641 1818 822 1894 CXXIV.
846 1819 1133 1896 POTAMEAE.

486 2022 589 2108 [luss.
607 2022 691 2088 Dict.
710 2021 760 2089 Sc.
777 2021 852 2088 Nat.
870 2025 934 2090 vol.
954 2024 1007 2101 is,
1025 2042 1057 2107 p.
1076 2024 1145 2110 93).

212 2196 328 2266 Floras
356 2197 614 2280 hermaphroditi
633 2197 684 2261 vel
703 2195 923 2264 unisexnales.
949 2197 1159 2282 Perigonium
1184 2199 1325 2266 inferum
1345 2203 1450 2267 tetra-

168 2286 331 2370 pbylium,
360 2289 413 2352 vel
444 2291 572 2352 tantum
598 2287 632 2350 in
649 2285 787 2351 tionibus
813 2285 963 2351 femineis
990 2287 1124 2355 obvium
1157 2295 1190 2355 et
1218 2289 1449 2372 cupulilonme,

167 2377 219 2443 vet
238 2377 270 2441 in
285 2375 423 2442 floribus
441 2375 616 2458 utriusque
632 2392 732 2440 sexus
748 2375 888 2440 nullum.
907 2373 1051 2442 Stamina
1068 2379 1128 2454 il,
1142 2377 1306 2444 illamente
1320 2377 1449 2445 brevis·

167 2465 264 2542 sima,
277 2465 423 2530 antherae
437 2462 636 2548 plerunque
656 2463 811 2529 ditbeceae
829 2464 1111 2546 longitndinnliter
1128 2467 1342 2533 dehiscentes.
1360 2465 1447 2532 Ova-

167 2554 253 2620 rium
272 2571 290 2618 e
311 2553 462 2636 carpellis
481 2555 537 2616 l·8
555 2551 668 2618 liberis
688 2551 861 2618 sessiiibus
879 2571 966 2619 nunc
982 2554 1113 2620 deinum
1133 2555 1335 2639 pedicelIatis
1351 2555 1446 2622 unio·

165 2642 287 2708 aulatis
303 2646 468 2708 constans.
485 2640 628 2708 Oculum
648 2643 802 2707 esninrt
825 2642 964 2707 ventrali
988 2644 1169 2726 pendulum
1188 2647 1240 2710 vet
1264 2644 1449 2711 lateraliter

166 2730 311 2796 alinum.
342 2731 484 2796 Fructus
517 2730 670 2812 carpellis
701 2729 814 2795 tiberis
838 2734 1099 2799 nucamentaceis
1127 2734 1179 2800 vei
1205 2733 1444 2816 subdrnpaceis

165 2824 331 2886 constans.
352 2817 470 2884 Semon
492 2818 789 2885 exalbuminosum.
806 2819 949 2902 Embryo
971 2822 1374 2906 macmpodusuncinatus
1391 2822 1446 2889 vel

164 2913 287 2976 rectus.
306 2943 349 2956 -
366 2907 486 2974 Herbae
505 2907 539 2973 in
555 2910 640 2992 aqut
653 2908 742 2974 dulci
761 2908 813 2972 vel
832 2910 960 2975 marina
976 2911 1133 2992 vigentes.

331 3123 400 3180 Snn.
414 3123 436 3180 I.
456 3137 632 3180 rnuvisnns.
648 3155 683 3165 -
696 3125 792 3196 Aqua
807 3124 902 3181 dulcis
921 3125 972 3181 vel
986 3125 1132 3182 subsalsae
1147 3128 1259 3183 incolae.

501 3323 779 3400 nnuntcnnnn
806 3325 853 3422 (c.
880 3325 958 3402 cel.
984 3325 1098 3423 itti).

207 3511 322 3578 Flores
345 3510 483 3578 monoici
511 3510 646 3577 masculi
670 3515 703 3578 et
729 3511 861 3578 feminei
890 3513 1057 3580 interdurn
1084 3517 1173 3579 arcte
1210 3515 1444 3598 approximati,

162 3601 300 3668 masculi
316 3600 478 3681 distincte,
493 3616 580 3666 nurtc
595 3601 691 3683 longe
709 3601 933 3682 peduncnleti.
958 3601 1053 3666 diosc.
1072 3602 1281 3685 Perigonium
1299 3606 1441 3672 nullum.

161 3690 310 3758 Antbera
325 3689 507 3773 (interdum
533 3687 630 3770 binae)
645 3689 748 3756 tbecis
762 3689 849 3755 binis
871 3691 1060 3756 connectivo
1084 3697 1281 3757 excurrente
1300 3694 1441 3776 longitu-

162 3776 460 3845 dinaliteradnatis.
476 3775 563 3842 Fem.
578 3777 789 3858 Perigonium
803 3778 1089 3846 membranaceum
1103 3780 1204 3847 breve
1220 3783 1440 3864 cupulilorme

160 3868 255 3934 basin
269 3865 487 3950 carpellorum
497 3865 641 3946 cingens.
660 3865 811 3949 Carpeila
822 3869 880 3934 l·8
894 3867 1020 3934 sessilis
1031 3867 1083 3934 vel
1097 3869 1288 3951 pedicellata
1301 3871 1440 3954 oblonga

161 3972 362 4037 compressa,
385 3958 494 4038 stylus
524 3953 636 4020 brevis
664 3956 718 4020 vel
739 3955 922 4038 elongatus.
949 3955 1070 4039 Stigmn
1096 3958 1266 4040 peitatem.
1295 3959 1439 4026 Ovuium

161 4045 295 4111 unicum
321 4061 531 4126 suspensum.
550 4043 702 4126 Carpella
733 4047 862 4112 matura
890 4045 1034 4112 coriacea
1066 4062 1255 4128 compressa
1277 4049 1444 4130 germina·

159 4134 250 4199 tione
277 4132 312 4198 in
336 4134 355 4197 t
379 4133 492 4198 valvas
519 4131 733 4200 dehiscentia.
762 4131 879 4200 Semen
907 4134 1082 4216 oblongum
1107 4139 1191 4200 testa
1214 4137 1317 4206 tenui.
1345 4136 1440 4203 albn-

159 4221 250 4376 missne
274 4219 375 4288 nullo.
402 4220 599 4304 Embryonis
629 4221 801 4305 cotyledon
834 4223 930 4305 longe
961 4223 1145 4290 acuminata
1171 4229 1204 4290 et
1232 4225 1439 4293 circinnatim

158 4329 193 4375 1n
220 4327 294 4376 exa.

205 4450 237 4513 1.
254 4446 296 4514 Ζ.
307 4444 530 4532 palustris
546 4443 598 4533 (b.
613 4444 667 4530 Sp.
687 4445 788 4533 tots)
809 4447 958 4516 caulibus
971 4449 1115 4516 tenuiter
1129 4449 1338 4518 fililormibus
1350 4451 1440 4518 radi·
