3262 5114
199 330 329 390 setona.
642 355 644 360 ·
755 345 922 390 caramerum
1422 337 1489 396 443.

197 457 325 540 obsitis,
350 457 470 540 glumis
498 457 753 542 subaequilongis
784 458 922 527 llosculo
946 459 1214 543 hermaphrodito
1240 462 1373 530 dimidio
1400 461 1476 531 bre-

197 547 356 628 vioribus,
372 547 527 630 glumellt
545 547 636 613 lloris
652 549 789 614 masculi
805 553 901 615 ovata
923 549 1059 615 flosculo
1083 549 1350 634 hermaphrodilo
1364 557 1476 620 trans·

197 654 295 704 verse
324 637 481 719 ruguloso
512 636 707 721 aquilonga.
736 637 829 721 pelet
858 641 954 704 ovata
981 637 1200 706 subbreviorc
1228 647 1280 718 Θ.
1303 639 1334 706 S.
1354 639 1476 724 abaco

197 726 252 878 P.b
264 724 304 792 de
333 725 359 790 B
401 725 459 792 loc.
485 725 538 792 cit.
564 724 665 792 Rcbb.
692 724 874 811 Germfig.
893 727 970 793 309.
991 761 1034 774 -
1055 727 1095 793 P.
1120 728 1278 806 plancam
1311 729 1403 796 Trin.
1428 731 1472 797 Ic.

197 819 229 880 ta
256 862 263 878 .
291 816 362 880 196.

233 925 311 983 Hab.
331 927 363 982 in
385 921 473 982 cultis
494 924 661 982 insularum
682 925 861 1000 ionicam,
883 926 977 998 Syriae
998 927 1139 984 littoralis
1162 928 1201 985 sd
1220 927 1363 988 Sidonem
1386 931 1484 1003 (etr),

194 997 306 1068 Egypti
319 999 357 1053 ad
372 997 517 1054 Kahiram
537 997 704 1066 (Hussont)
718 1000 747 1052 et
763 998 893 1055 Oasibus
909 999 1085 1072 (becherel),
1102 1000 1238 1057 Caucaso
1260 1013 1289 1057 et
1307 1002 1473 1060 Transcau-

195 1071 276 1124 casia
287 1067 373 1138 (Led.
387 1069 497 1140 Hohl),
512 1067 673 1140 Ailgbania
687 1069 791 1138 (Aitcb
801 1071 821 1140 l)
836 1074 865 1126 et
879 1071 963 1142 prob.
979 1071 1060 1127 alibi.

230 1166 279 1221 ar.
296 1165 395 1236 liseur.
412 1165 531 1238 Europa
545 1166 685 1222 medicat
701 1166 841 1223 australis
853 1158 1009 1224 a'Batavit
1019 1167 1057 1224 ad
1069 1167 1208 1224 Rossiam
1218 1170 1357 1236 mediam,
1372 1171 1480 1227 birico¹

195 1234 333 1307 borealis,
347 1237 447 1293 Africa
463 1241 492 1292 et
505 1237 576 1294 Asia
588 1237 718 1310 tropicae,
728 1239 865 1294 America
881 1239 1012 1296 borealis
1023 1243 1052 1296 et
1063 1240 1187 1312 tropica,
1200 1243 1286 1297 Nova
1298 1241 1472 1298 Hollandia.

240 1391 271 1456 ⁰2.
296 1389 336 1458 S.
361 1388 525 1460 viridis
552 1390 604 1476 (L.
632 1391 687 1474 Sp.
704 1393 746 1458 83
768 1391 830 1458 sub
855 1391 993 1474 Punico)
1013 1411 1133 1472 annua,
1150 1393 1268 1460 culmis
1284 1395 1403 1462 erectis
1418 1397 1472 1462 rel

194 1479 463 1559 ascendentibus,
501 1477 586 1546 loliis
628 1481 800 1549 latiuscule
845 1481 1024 1548 linearibus
1065 1483 1260 1549 acuminatis
1297 1483 1470 1566 scabridis,

196 1569 347 1652 panicula
372 1569 551 1651 spicilormi
578 1569 758 1653 cylindrioa
786 1572 899 1652 densi,
922 1571 1082 1637 involucri
1106 1571 1187 1637 setis
1216 1572 1272 1638 3-6
1305 1573 1470 1640 viridibus

194 1657 246 1724 rel
263 1657 404 1724 rubellis
421 1658 558 1742 spiculis
576 1661 772 1744 plerumque
801 1659 1003 1742 longioribus
1031 1660 1186 1726 aculeolie
1206 1678 1342 1728 sursum
1363 1662 1472 1729 versis

194 1746 331 1829 scabris,
348 1749 459 1830 glumt
479 1748 634 1816 interiore
650 1748 749 1831 triplo
767 1749 904 1828 minore,
924 1748 1098 1831 superiore
1114 1753 1148 1814 et
1163 1750 1319 1832 glunrella
1338 1749 1470 1818 flosculi

193 1836 303 1902 neutri
317 1835 576 1921 subaquilongis
593 1836 767 1904 flosculum
785 1837 1089 1921 hermaphroditum
1117 1839 1337 1906 minutissime
1368 1859 1471 1924 punc-

193 1925 470 1994 tulato-lineatum
508 1926 727 2010 aquantibus,
759 1927 887 1993 llosouli
923 1928 1034 1994 neutri
1064 1927 1166 1994 multo
1196 1929 1350 2006 breviore
1382 1945 1472 2014 saepe

192 2014 285 2080 nulld
305 2019 356 2092 Θ.
375 2013 412 2078 P.
433 2014 555 2081 viridis
571 2015 606 2081 P.
624 2015 664 2080 de
687 2015 721 2080 B.
737 2014 841 2082 Rcbb.
859 2017 903 2084 lc.
931 2015 1041 2083 Germ.
1067 2018 1143 2083 510.
1175 2053 1216 2064 -
1242 2017 1326 2084 Host
1353 2017 1472 2085 Austr.

192 2099 233 2182 ΙΙ,
252 2103 316 2170 tab.
336 2101 388 2168 lu.
406 2139 450 2152 -
470 2105 560 2170 Trin.
574 2103 616 2169 lc.
635 2105 709 2170 aba.

227 2211 307 2270 Hab.
324 2214 458 2271 incultis
480 2214 663 2272 Macedoniae
684 2218 713 2272 et
736 2215 871 2272 Thraciae
892 2217 1026 2286 (Griseb.
1052 2216 1175 2287 Auchi),
1198 2217 1286 2275 Ponti
1308 2217 1407 2274 Lazici
1431 2217 1471 2274 ad

191 2283 284 2340 Rhize
299 2285 409 2356 (Ball),
430 2286 538 2342 Libani
552 2285 604 2355 (Bl
614 2289 643 2356 l),
659 2285 790 2358 Tauriae,
806 2287 933 2343 Caucasi
948 2291 977 2344 et
986 2289 1228 2345 Transoaucasiae
1243 2289 1298 2358 (M.
1312 2290 1345 2347 B.
1362 2288 1482 2360 Hohl),

192 2354 302 2412 Persia
317 2356 448 2413 borealis
461 2358 574 2430 (Bgel),
587 2357 706 2414 Arabiae
712 2358 907 2415 Mascateusis
919 2360 1028 2428 (buch.
1037 2359 1109 2416 olel
1122 2361 1150 2431 l),
1160 2359 1328 2432 Affghauiae
1341 2361 1468 2430 (urire).

235 2454 442 2536 pomorana
468 2457 560 2524 Coss.
591 2458 688 2541 Expl.
718 2459 791 2542 Alg.
824 2480 857 2544 p.
890 2461 944 2525 36.
971 2458 1130 2543 -Spica
1158 2460 1261 2541 magis
1289 2459 1469 2544 composita

191 2541 318 2610 inferne
334 2546 595 2630 subinterrupla.
618 2585 656 2594 -
677 2547 707 2614 S.
723 2547 880 2628 ambiano
896 2546 994 2614 Guss.
1012 2547 1093 2631 syn.
1116 2551 1141 2628 l,
1165 2570 1196 2633 p.
1216 2547 1293 2615 tlt.

191 2653 365 2797 (Hffls'kiff
386 2657 504 2731 Egypto
530 2659 568 2715 ad
593 2659 734 2716 Cabiram
761 2660 881 2732 (Siebl),
910 2659 996 2732 Syria
1028 2660 1154 2718 littorali
1186 2662 1215 2716 et
1245 2661 1348 2718 Persia
1374 2659 1469 2716 occid.

227 2824 267 2879 Ar
292 2826 393 2896 daupu
417 2826 538 2900 Europa
555 2827 654 2883 media
673 2831 701 2884 et
718 2831 859 2885 australis
880 2829 919 2885 ab
937 2829 1047 2902 Anglie
1065 2834 1095 2886 et
1124 2830 1236 2886 Gothia
1259 2827 1297 2884 ad
1323 2828 1469 2900 Bossiam,

191 2893 309 2968 Sibiria‚
323 2895 461 2968 taponia,
477 2899 578 2956 Africa
592 2899 730 2957 borealis.

239 3065 270 3130 3.
306 3063 345 3132 S.
377 3067 651 3136 verticillata
687 3071 740 3154 lb.
761 3069 815 3152 Sp.
852 3071 895 3135 St
926 3069 990 3136 sub
1017 3068 1155 3155 Punico)
1191 3088 1313 3146 annue,
1350 3069 1467 3136 culmis

190 3158 310 3225 erectis
326 3158 378 3223 vel
401 3155 666 3236 ascendentibus,
684 3158 770 3224 loliis
789 3159 962 3226 latiusculc
980 3157 1161 3224 linearibus
1177 3159 1371 3226 acuminatis
1397 3177 1464 3224 aca-

190 3249 272 3331 bris,
299 3245 450 3328 panicula
476 3245 656 3329 spicilormi
686 3247 948 3314 subverticillatd
978 3247 1108 3314 interne
1142 3266 1231 3334 saepe
1259 3248 1464 3332 interrupte,

190 3336 352 3404 involucri
374 3334 455 3401 setis
472 3335 620 3402 subbinis
639 3334 824 3402 virentibus
845 3336 980 3420 spiculis
998 3335 1099 3420 duplo
1117 3337 1320 3420 longioribus
1340 3342 1466 3402 retror-

190 3444 262 3492 sum
293 3425 496 3500 eculeolatis,
525 3426 636 3506 grume
669 3425 825 3492 interiore
855 3425 1042 3510 quadruplo
1070 3427 1208 3510 minore,
1235 3425 1408 3511 superiore
1434 3430 1467 3491 et

189 3514 345 3598 glumelli
370 3513 461 3579 tloris
489 3514 599 3580 neutri
627 3515 790 3580 similibus
812 3515 927 3582 llorem
959 3514 1264 3600 hermaphroditum
1292 3514 1355 3581 sub
1376 3517 1465 3581 lente

189 3604 315 3669 minute
342 3602 700 3684 punctatolineolatum
727 3603 946 3687 equentibus,
978 3605 1070 3686 palea
1101 3604 1194 3670 lloris
1223 3605 1332 3671 neutri
1361 3605 1466 3671 multo

191 3691 346 3758 breviore
363 3691 486 3774 sapius
507 3691 596 3758 nulla
616 3698 665 3770 Θ.
685 3691 719 3761 S.
741 3691 939 3759 rrcrta'ctllata
958 3691 993 3758 Ρ.
1014 3695 1054 3761 de
1074 3693 1111 3758 B.
1140 3692 1242 3760 Rcbb.
1268 3692 1377 3759 Germ.
1407 3693 1462 3773 lig.

72 3766 88 3788 '
190 3783 264 3847 err.
282 3817 324 3827 -
342 3779 432 3846 ann.
455 3779 498 3844 lc.
521 3781 585 3846 tab.
602 3781 677 3847 aba.

225 3891 304 3948 Hab.
327 3893 358 3947 in
379 3891 468 3976 cultis
483 3892 606 3949 Graeciae
627 3893 660 3948 in
687 3893 787 3949 insula
808 3893 970 3966 Zacyntho,
992 3894 1081 3949 Archi
1105 3895 1201 3964 alege,
1215 3893 1303 3949 crata
1327 3892 1436 3963 (Heldr
1444 3893 1465 3964 l)

188 3963 373 4020 Macedoniae
388 3964 510 4033 (Frrvl),
529 3965 676 4020 Anatoliae
693 3966 725 4020 in
747 3965 937 4037 Cappadocia
958 3964 1065 4036 (Ball),
1084 3909 1181 4091 §qnae
1205 3963 1344 4020 littoralis
1372 3965 1464 4036 (ΒΗ),

187 4035 306 4091 Arabiae
324 4040 432 4105 petreae
445 4035 580 4108 (Sobinp.
595 4035 685 4106 3001),
700 4036 810 4108 Egypti
829 4036 936 4092 mediae
955 4035 1047 4105 (Ascla
1060 4039 1091 4108 l),
1139 4035 1230 4090 auriae
1251 4041 1280 4091 et
1308 4037 1465 4107 regionum

188 4107 419 4248 ffiutgffiearum
446 4105 497 4177 (M.
521 4105 557 4163 B.
587 4106 696 4177 Hohl),
720 4107 830 4164 Persiae
862 4107 1056 4164 occideutalis
1080 4105 1215 4177 (Hauesk
1229 4108 1257 4178 t).
1286 4107 1464 4163 Belutschiae

221 4272 268 4328 Ar.
296 4272 395 4342 decor.
418 4271 538 4346 Europa
557 4273 655 4330 media
673 4275 702 4328 et
725 4273 866 4330 australis
889 4273 929 4329 ab
953 4273 1063 4346 Anglia
1083 4276 1113 4330 et
1133 4272 1235 4346 Belgio
1261 4273 1299 4328 ad
1325 4272 1463 4329 Rossiam

185 4343 328 4414 mediam,
343 4343 443 4399 Africa
460 4343 597 4416 borealis,
611 4344 783 4416 Abyssinia,
795 4345 910 4401 Arabia
925 4347 1044 4418 tropica,
1061 4343 1156 4417 India,
1168 4346 1200 4402 P.
1215 4345 1249 4402 B.
1265 4344 1344 4418 Spei.

223 4441 290 4498 libs.
305 4440 335 4499 S.
351 4440 462 4499 Italica
474 4440 505 4498 P.
520 4441 557 4498 de
571 4442 603 4498 B.
624 4443 656 4497 in
674 4442 819 4514 Caucaso,
836 4443 982 4500 Cataonia
997 4443 1166 4516 Persisque
1184 4442 1279 4500 occid.
1310 4441 1475 4499 montibus-

186 4510 324 4581 (Haussk
332 4514 353 4584 t)
366 4514 536 4587 frequenter
550 4513 655 4570 colitur
666 4516 695 4571 et
707 4513 777 4571 binc
789 4515 859 4571 inde
873 4514 1098 4588 subspontanea
1111 4515 1245 4572 occurrit.
