3142 5102
180 353 217 410 70
741 352 905 410 onesinum
1345 348 1463 408 Ocelim

179 513 221 526 -
237 474 337 541 Rchh.
358 471 471 540 Germ.
489 477 510 540 t.
533 475 605 539 156.
619 510 658 523 -
679 472 715 541 0.
737 471 949 554 Brcnciscrtc'
970 470 1038 536 Biv.
1058 469 1119 537 Sic.
1142 469 1224 537 blan.
1242 471 1326 537 1.lt⁰
1346 474 1377 539 8.
1394 475 1465 541 tab.

183 569 270 631 1.-
299 563 332 628 0.
353 562 465 628 Hostii
480 563 583 629 Tratt.
612 563 689 631 Obs.
710 584 740 650 p.
762 567 836 632 187.
863 598 908 611 -
936 559 973 627 0.
997 559 1180 625 trichocero
1208 560 1354 645 Brongn.
1377 563 1469 646 Exp.

182 655 260 720 lior.
282 653 347 719 tub.
369 653 409 718 32
427 652 481 736 lig.
496 653 525 718 b.

215 763 292 820 Hah.
312 764 343 818 in
357 762 486 820 collibus
505 764 635 836 regionis
649 765 797 823 inferioris
811 767 960 819 montanae
979 765 1008 817 et
1022 759 1171 818 interdum
1185 762 1362 836 subalpinae.
1384 765 1467 822 Cor-

176 851 249 906 cyra
258 836 441 904 (Letonrnt),
450 836 565 892 Graecia
577 835 609 889 in
619 835 768 892 Messenia
779 836 876 905 (Bory
886 836 916 902 l),
929 833 1066 889 Laconico
1076 837 1175 888 monte
1195 834 1313 891 Malevo
1330 821 1433 906 (Orph
1443 839 1468 898 l)

178 907 317 977 Argolide
329 906 468 977 (Boissl),
490 907 603 962 Baectib
620 907 756 978 (Orphl),
770 907 868 994 Attice
879 905 1009 1030 [Sprnnl
1026 902 1154 974 Heldrl),
1178 905 1285 961 insulis
1303 905 1417 962 Euboea
1434 911 1471 964 et

176 976 549 1120 ἓὲξιῖξεέτᾈωω
572 992 666 1049 usque
690 977 728 1034 ad
752 976 839 1035 5000’
854 975 914 1047 (Hc

211 1145 259 1200 Ar.
274 1143 377 1213 (iacgr.
397 1142 541 1213 Sardinia,
556 1142 666 1213 Sicilia,
681 1141 767 1198 lialia
782 1140 944 1211 orientalia,
964 1139 1124 1196 Dalmatia.

223 1306 275 1370 25.
295 1303 341 1372 0.
377 1303 613 1371 Anatolica
636 1303 758 1384 (Boiss.
788 1303 904 1386 Diagn.
929 1301 998 1369 Ser.
1030 1302 1054 1386 l,
1080 1305 1110 1386 d,
1131 1321 1162 1384 p.
1191 1301 1247 1389 56)
1281 1304 1463 1372 tuberibus

173 1394 283 1459 oratis
314 1393 462 1476 integris,
493 1395 585 1460 caule
613 1394 725 1475 gracili
759 1394 822 1460 sub
850 1393 940 1476 spici
971 1393 1072 1469 nudo,
1106 1391 1192 1458 loliis
1220 1393 1369 1477 oblongis
1406 1396 1465 1460 vel

175 1482 518 1564 oblongo-lanceolatis
553 1483 718 1567 supremis
754 1481 1075 1549 lineari-lanceolatis
1116 1481 1321 1560 acuminatis,
1363 1483 1465 1566 spicat

177 1572 344 1637 lenissimi
359 1571 547 1655 pauciiiori,
570 1571 861 1653 bracteisungusle
882 1570 1068 1638 lanceolatis
1083 1570 1237 1636 coloratis
1249 1571 1360 1637 ovorio
1378 1571 1465 1637 sub-

175 1661 395 1738 breyioribus,
413 1660 550 1726 lloribus
568 1663 758 1745 purpureis,
774 1661 932 1744 perigenii
953 1659 1073 1743 phyllis
1087 1659 1276 1741 patentibus
1298 1659 1467 1742 oblongo-

176 1749 355 1816 linearibus
375 1750 511 1827 obtusis,
528 1750 644 1815 labello
662 1749 764 1816 abasi
784 1751 923 1816 cuneati
945 1749 1052 1831 amplo
1081 1748 1200 1830 phyllis
1223 1747 1369 1828 longiore
1397 1751 1466 1815 tri-

179 1838 250 1904 lobc
272 1839 442 1904 rarissime
470 1837 661 1920 subintegro
681 1839 764 1905 iobis
786 1839 913 1904 obtusis
929 1837 1124 1903 intermedio
1147 1841 1268 1914 retuso,
1292 1837 1420 1904 calcare
1447 1861 1468 1906 a

175 1927 246 1994 basi
262 1927 375 1992 inilatb
395 1928 537 1992 tenuiter
560 1927 738 2009 cylindrico
756 1926 948 1994 horizontali
967 1927 1017 1992 vel
1035 1925 1233 1992 ascendente
1249 1927 1362 1992 orario
1383 1927 1465 1992 lon·

175 2017 266 2098 glore
293 2025 339 2091 26.
361 2014 464 2082 lichb.
482 2014 593 2081 Germ.
613 2017 676 2082 iah.
697 2018 752 2081 ti.

211 2129 288 2185 Hah.
305 2129 334 2185 in
349 2129 467 2186 collinis
488 2131 616 2202 regionis
630 2131 777 2188 inferioris
792 2135 820 2186 ct
835 2133 993 2198 montanae,
1008 2129 1106 2184 insula
1119 2128 1210 2185 Chios
1221 2127 1352 2201 (Orphl),
1368 2130 1466 2185 Caria

175 2200 286 2256 Pinard
298 2203 318 2270 l)
350 2202 444 2271 Lycia
469 2203 499 2256 in
515 2203 622 2274 pinetis
638 2203 749 2257 montis
762 2203 884 2270 Solyma
900 2201 1023 2270 (Heldrl
1037 2200 1172 2272 Bourgl),
1189 2199 1294 2254 Cilicia
1313 2199 1467 2256 littoralis

175 2273 282 2337 (buch.
295 2245 366 2328 2536
375 2275 394 2338 i)
411 2277 440 2328 et
452 2273 491 2328 ad
501 2289 611 2344 pagum
626 2273 777 2342 Altadagh
789 2271 893 2342 (sain,
907 2272 979 2328 ditio
993 2271 1107 2326 Kassan
1120 2269 1217 2342 Oghlu
1233 2270 1344 2326 Ciliciae
1360 2272 1467 2326 orien-

173 2342 245 2398 talis
258 2343 289 2397 in
302 2343 435 2399 Cedretis
449 2344 522 2414 (Ky.
537 2343 617 2414 185),
630 2344 746 2416 Cyprus
764 2346 793 2399 in
807 2347 907 2398 monte
923 2343 952 2398 8²
961 2343 1064 2398 Crucis
1083 2341 1153 2412 (Ky.
1169 2341 1258 2410 1852),
1274 2341 1361 2412 Syria
1377 2343 1468 2398 lilto-

172 2413 244 2468 ralis
260 2419 289 2468 et
308 2416 388 2486 regio
402 2415 523 2471 inferior
536 2416 644 2471 Libani
672 2417 715 2471 itii
737 2414 816 2471 Gaill
828 2419 857 2486 i),
873 2415 1026 2470 Palestina
1039 2413 1075 2469 ad
1090 2413 1332 2484 Hierosolymam
1364 2414 1467 2480 [Roth

174 2484 267 2554 4881),
287 2485 505 2558 Mesopotamia
519 2485 653 2555 (Haussh
665 2489 695 2556 l).

218 2595 243 2678 β
263 2595 392 2662 licebit.
412 2633 454 2642 -
470 2596 582 2664 Florcs
607 2598 828 2670 subminores‚
846 2595 954 2661 labelli
978 2594 1043 2660 lobi
1064 2595 1215 2661 laterales
1231 2595 1463 2678 angustiores,

172 2686 279 2750 calcar
293 2685 502 2751 subbrerins.
524 2723 568 2732 —
586 2685 621 2751 0.
637 2682 800 2767 receptore
819 2683 851 2750 G.
867 2685 953 2750 Koch
969 2683 1062 2750 Linn.
1081 2683 1170 2764 XIX,
1193 2705 1222 2768 p.
1244 2687 1293 2748 15.

210 2809 287 2865 Hab.
303 2809 341 2865 ad
354 2809 495 2865 Brussam
510 2810 662 2880 Bithynice
675 2808 832 2880 (Thirkcl).

210 2905 327 3032 Species
345 2906 382 2960 ab
401 2905 432 2963 Ο.
445 2903 704 2980 quadripunctatd
728 2907 811 2962 affini
826 2905 948 2962 tionibus
972 2905 1136 2974 mayoribus
1159 2907 1325 2976 praesertim
1340 2904 1465 2964 labello

173 2976 235 3048 phy
249 2975 287 3031 lis
301 2977 395 3032 multo
411 2977 545 3048 longiore
559 2981 588 3033 et
602 2979 715 3034 calcare
728 2977 795 3034 basi
810 2977 954 3049 ampliato
967 2976 1104 3048 elongato
1118 2978 1230 3049 optima
1250 2976 1398 3032 distincta.

927 975 984 1044 drl)
996 976 1105 1046 Cypro,
1121 977 1153 1031 in
1164 981 1265 1033 monte
1278 977 1469 1034 Bubavento

219 3141 273 3205 bt.
306 3138 349 3206 0.
369 3139 592 3224 palustris
617 3141 721 3224 (lacu.
740 3140 819 3206 (lali.
849 3140 873 3212 Ι,
895 3159 922 3223 p.
945 3139 1001 3224 75)
1030 3139 1203 3207 tuberibus
1232 3140 1375 3222 globosis
1398 3144 1462 3208 vel

171 3228 331 3312 oblongis
348 3228 438 3292 caule
458 3231 542 3295 elato
568 3231 663 3296 tereti
682 3231 807 3308 stricto,
825 3228 909 3295 foliis
936 3230 1059 3296 strictis
1083 3235 1223 3311 anguste
1251 3229 1463 3296 lineari-lan-

173 3317 340 3384 ceolatisa
362 3317 432 3382 basi
449 3317 569 3383 sensim
595 3320 788 3400 angustatis
809 3319 899 3401 spici
917 3319 999 3400 laxi,
1019 3318 1159 3384 bracteis
1187 3319 1460 3385 lineari-lanceo-

173 3407 247 3472 lulis
263 3407 367 3474 aculis
385 3407 497 3472 ovorio
516 3406 717 3489 longioribus
736 3407 938 3474 trinerribus
956 3405 1158 3484 retinerviis,
1172 3407 1310 3474 floribus
1332 3408 1460 3484 roseis,

174 3497 332 3578 perigenii
362 3494 481 3578 phyllis
498 3495 646 3579 oblongis
663 3497 802 3574 obtusis,
822 3495 938 3562 labello
959 3500 1108 3578 porrecto
1127 3496 1246 3578 phyllis
1265 3495 1413 3577 longiore
1437 3518 1459 3564 a

173 3585 242 3651 bosi
266 3585 330 3650 late
353 3587 490 3651 cuneata
519 3585 651 3652 dilatato
671 3585 790 3650 lriiobo
810 3585 890 3652 iobis
911 3584 1101 3651 lateralibus
1128 3585 1325 3662 rotundatis,
1346 3585 1461 3651 inter·

172 3674 278 3740 medio
292 3673 477 3757 aequilongo
496 3675 544 3742 vei
565 3675 686 3758 saepius
700 3675 847 3756 longiore
864 3674 1024 3756 quadrato
1043 3675 1165 3758 saepius
1177 3679 1302 3752 retuso,
1325 3673 1466 3742 calcare

170 3762 380 3845 cylindraceo
397 3763 506 3847 amplo
525 3770 614 3830 recto
638 3763 750 3830 ovar-io
770 3763 922 3830 breviore
955 3771 997 3835 ti.
1015 3763 1106 3846 Jucq.
1129 3763 1172 3829 Ic,
1191 3761 1268 3828 Rar.
1293 3761 1354 3828 tab.
1382 3766 1468 3828 181.

173 3885 214 3899 -
237 3851 339 3918 Rchh.
368 3849 478 3917 Germ.
494 3857 520 3916 t.
542 3854 594 3918 lb.
615 3888 659 3900 --
688 3851 723 3918 0.
746 3850 904 3934 iocifloru
928 3849 950 3916 G
980 3851 1019 3917 Α.
1042 3852 1126 3935 liey.
1156 3850 1229 3916 ind.
1260 3849 1357 3918 Cane.
1390 3870 1467 3918 non

174 3939 266 4032 Lam.
287 3975 331 3986 —
353 3940 639 4007 obscultandum
658 3941 757 4008 (lass

205 4059 283 4116 Hah.
298 4063 328 4116 in
341 4063 434 4134 pratis
447 4061 589 4133 humidis,
606 4061 776 4135 paludibus,
790 4049 1124 4132 Zacynthus‘ffichmidt
1134 4063 1163 4129 l),
1183 4062 1282 4116 Attica
1297 4061 1334 4116 ad
1347 4061 1471 4119 Phale-

171 4146 238 4186 rum
252 4132 367 4202 (Sprun
377 4136 408 4204 l),
422 4133 561 4188 Anatolio
574 4135 681 4198 (Auch.
693 4133 804 4203 22281),
828 4133 969 4188 Armenia
981 4131 1018 4186 ad
1034 4131 1099 4186 Van
1115 4132 1223 4200 (Nobi)
1239 4137 1268 4188 et
1280 4133 1357 4187 circa
1371 4131 1469 4190 Erae·

171 4218 237 4256 rum
256 4203 387 4273 (Huetl),
404 4205 491 4275 Syria
509 4204 639 4260 borealis
665 4204 702 4260 ad
717 4203 849 4260 Suadieh
870 4208 899 4259 et
923 4203 1139 4273 Mesopotamia
1148 4203 1187 4258 ad
1206 4203 1321 4259 radices
1347 4207 1472 4262 montis

170 4274 302 4344 Karadja
314 4274 403 4346 Dagh
416 4275 517 4347 (hyl),
531 4275 632 4331 Persia
647 4275 686 4330 ad
697 4274 869 4346 Persepolin
885 4273 956 4343 (Ky.
969 4287 1006 4327 ex
1021 4271 1136 4344 Rchh.),
1154 4288 1247 4346 prope
1261 4273 1380 4330 Schiras
1396 4273 1473 4348 (ΚΥ

171 4343 505 4414 8791),T1·ansoaucasia
519 4346 557 4401 ad
572 4347 717 4417 Caspium
731 4345 847 4415 (stabi
857 4346 878 4414 ).
898 4344 942 4400 Fl.
957 4344 1025 4399 Jun.

207 4442 256 4497 Ar.
269 4444 368 4513 [iecur.
383 4443 488 4499 Succia
501 4443 718 4513 meridionalis,
732 4443 877 4512 Belgium,
890 4439 999 4514 Gallia,
1016 4439 1162 4510 Helvetia,
1173 4439 1344 4508 Germania,
1358 4440 1471 4514 ltalia,

172 4511 335 4586 Dalmatia,
354 4515 434 4586 regio
448 4513 635 4584 Danubialis,
649 4515 750 4570 Africa
763 4512 901 4570 borealis.
