3262 5114
164 393 221 450 482
730 409 901 452 onauruam
1310 380 1461 454 Plateam.⁴

165 540 311 609 superne
329 522 471 588 dilatatis
490 522 701 609 marginequc
716 525 975 594 membranaceis
994 529 1027 592 et
1046 521 1152 606 gibbis
1179 523 1272 606 apice
1290 525 1454 592 truncatis

166 615 201 680 in
231 629 422 680 mucronem
451 612 684 679 breuissimum
716 615 837 682 durum
864 615 1026 680 dorsalem
1047 613 1233 688 contractis,
1250 613 1405 696 glumelld
1421 619 1455 680 et

166 703 262 786 palea
281 703 393 784 gluma
409 701 506 766 tertii
530 705 622 784 parte
648 703 861 790 breuioribus
877 702 1025 786 oblongis
1047 701 1175 768 obtusis
1196 703 1454 770 membranaceis

170 797 220 870 Θ.
239 789 330 877 lacq.
356 789 397 855 lc.
420 789 497 854 Rar.
517 791 543 872 Ι,
563 788 626 856 tab.
654 793 704 857 tt.
722 823 771 838 -·
784 791 886 858 Rchb.
906 791 1018 858 Germ.
1036 791 1089 872 lig.
1108 791 1183 856 486.
1202 829 1244 838 -
1269 790 1328 857 Pla.
1346 790 1454 857 uiride

165 879 231 946 All.
253 879 333 947 Ped.
351 879 395 960 ΙΙ,
414 897 445 962 p.
466 879 540 944 aaa.
561 913 606 928 -
623 879 812 947 Cbiloelrloo
830 899 951 962 aspero
968 881 1003 948 P.
1022 880 1062 946 de
1080 879 1116 945 B.

203 1007 275 1063 Hab
298 1008 329 1062 in
349 1005 443 1076 siccis,
460 1006 596 1078 collibus,
620 1009 709 1078 agris,
728 1008 858 1064 Scutari'
870 1022 963 1080 prope
989 1007 1169 1078 Byzantium
1192 1006 1312 1078 (Posti),
1332 1003 1453 1076 Tauria,

168 1093 254 1150 prov.
268 1078 438 1136 Caucasicae
451 1081 480 1133 et
493 1076 730 1135 Transoaucasia
744 1079 867 1148 (Ledeb.
878 1081 900 1149 ).
912 1078 1040 1136 Probab.
1056 1078 1086 1133 in
1104 1077 1284 1134 Macedonia.

210 1191 412 1276 palliolum.
435 1227 477 1239 -
495 1188 627 1272 ssGlumae
654 1193 764 1259 cariat
785 1192 905 1258 eiliatee
932 1209 1021 1275 saepe
1043 1193 1140 1275 paulo
1168 1190 1296 1274 longius
1322 1208 1453 1256 mucro·

165 1287 261 1349 natae.
280 1318 322 1328 —
338 1279 400 1346 Pb.
417 1296 570 1344 annalem
588 1281 628 1346 lt.
647 1281 682 1346 B.
712 1280 812 1347 Taur.
831 1279 927 1347 Gauc.
944 1281 969 1360 Ι,
991 1301 1021 1364 p.
1039 1283 1090 1347 46.

201 1405 273 1461 Hah
296 1407 327 1460 in
340 1404 452 1459 Tauria
465 1403 657 1460 meridionali
672 1409 701 1461 et
712 1405 847 1460 Caucaso
860 1404 1087 1478 septentrionali
1100 1403 1153 1475 (M.
1167 1403 1222 1474 B.)‚
1235 1404 1364 1474 Georgia
1374 1401 1452 1460 Cau-

53 1455 55 1472 '
160 1479 260 1533 casam
274 1475 394 1546 (uani),
410 1476 513 1531 rorata
535 1477 674 1534 oneratam
688 1476 727 1533 aa
741 1475 893 1532 chanana
914 1477 1029 1548 (ager),
1047 1474 1208 1547 nagnam
1227 1475 1356 1547 (ornan),
1375 1477 1451 1546 typo

166 1548 198 1604 in
217 1547 331 1604 ditione
345 1547 502 1617 vulgatior.

205 1660 254 1715 Ar.
266 1660 368 1728 tieogr.
385 1656 503 1728 Augila,
511 1657 619 1730 Gallia,
630 1659 780 1725 Helvetia,
793 1659 964 1731 Germania,
978 1657 1074 1731 Italia,
1084 1657 1335 1730 Dalmatia‚ragio
1348 1657 1452 1714 Danu·

166 1730 266 1801 blatis,
280 1727 395 1798 Serbia,
409 1727 618 1786 Turkestania

211 1914 241 1977 6.
259 1910 334 1978 Ph.
354 1909 542 1996 gibbum
562 1911 685 1996 (Boias.
711 1913 826 1997 Diagn.
844 1911 914 1978 Ser.
934 1911 959 1992 1,
977 1916 1009 1991 ὅ,
1028 1933 1061 1996 ρ.
1083 1912 1139 1998 69)
1157 1931 1314 1995 anaauum,
1333 1912 1450 1979 culmis

163 2000 323 2069 solitariis
342 2000 396 2065 vel
415 1999 528 2080 paucis
546 2001 758 2077 abbreviatis.
786 2003 872 2069 loliis
901 2003 1135 2083 angustissime
1160 2001 1341 2068 linearibus
1364 2020 1452 2067 mar·

164 2092 242 2173 gine
263 2087 436 2168 scabridis,
459 2091 609 2171 paniculi
628 2091 807 2174 spicilormi
826 2091 971 2158 tenuiter
988 2091 1168 2173 cylindriei
1185 2091 1294 2164 densa.
1313 2091 1451 2174 spiculis

164 2179 310 2244 minimis
328 2177 509 2244 lateraliter
533 2181 733 2262 compressis
751 2179 1056 2246 correcto-obovatis
1082 2181 1157 2245 sinu
1182 2179 1346 2245 terminali
1364 2181 1451 2246 inter

162 2270 292 2350 glumas
312 2266 527 2334 conniventes
548 2270 714 2342 subnullo,
743 2269 864 2352 glomis
893 2269 1140 2335 navicularibus
1171 2268 1450 2336 semiorbiculatis

164 2356 235 2423 basi
258 2357 441 2438 angustatis
467 2374 612 2441 superne
630 2357 772 2424 dilatatis
805 2365 837 2426 et
862 2359 960 2440 dorso
985 2357 1285 2440 rotundato-gibbis
1303 2358 1450 2439 margine

166 2446 223 2512 vin
241 2445 499 2512 membranaceis
522 2447 613 2529 apice
638 2447 786 2514 breviter
805 2448 839 2513 in
866 2463 1056 2512 mucronem
1083 2448 1259 2514 contractis
1279 2447 1450 2514 trinerviis

166 2534 279 2601 nervis
308 2535 499 2602 lateralibus
532 2535 599 2600 lere
626 2535 782 2602 obsoletis
810 2536 946 2603 carinali
979 2535 1096 2614 valido,
1124 2537 1279 2618 glumellt
1304 2535 1451 2602 coriacet

165 2628 264 2690 extus
291 2624 415 2689 hirtult
442 2623 580 2707 oblongi
597 2625 772 2692 convoluta
792 2626 824 2690 in
845 2642 1035 2692 mucronem
1054 2625 1175 2706 glarmis
1204 2625 1450 2708 sublongiorem

160 2715 348 2792 attenuata,
369 2713 462 2796 palei
486 2713 638 2780 breviore
655 2713 834 2780 bicarinata
857 2721 907 2793 Θ.

203 2840 282 2896 Hab.
297 2841 329 2895 in
348 2841 475 2896 collibus
495 2842 627 2912 regionis
648 2845 800 2896 montanae
823 2839 973 2896 Anatoliae
997 2838 1198 2908 occidentalis,
1221 2853 1290 2910 pars
1316 2839 1451 2910 superior

163 2913 274 2994 montis
291 2912 419 2982 Mesogis
433 2927 525 2984 supra
549 2913 666 2968 Tralles
683 2913 822 3038 (Βοὶεεὶἰ,
843 2911 971 3002 Tmolus
989 2909 1179 2966 occidentalls
1196 2925 1289 2982 supra
1308 2907 1449 2982 Boudagh

159 2987 195 3040 -et
208 2983 378 3054 Kaaagueul
395 2985 471 3040 Dere
485 2999 578 3055 supra
592 2983 719 3039 Onchak
736 2985 795 3052 (Ba
810 3027 815 3038 .
829 2983 862 3039 61
875 2986 904 3038 et
918 2982 989 3039 1332
995 2983 1024 3052 l).

200 3095 388 3166 Semipedale
400 3097 449 3151 vel
491 3097 560 3152 aulo
580 3096 696 3164 elatius
715 3096 799 3168 spice
818 3094 886 3152 8-20
908 3094 1004 3150 lineas
1027 3093 1126 3164 longa,
1142 3091 1268 3165 spinulae
1292 3094 1322 3148 ln
1342 3107 1450 3164 genere

165 3167 306 3222 minimae.
327 3167 423 3222 Affine
475 3165 502 3222 la.
532 3182 640 3240 aspero
661 3184 680 3222 a
701 3182 761 3240 quo
782 3170 888 3240 praeter
902 3164 1114 3237 glumellarum
1132 3167 1315 3220 structuram
1337 3164 1451 3234 glumae

164 3237 264 3294 valvis
290 3237 379 3293 dorso
400 3237 499 3308 gibbis
521 3242 550 3294 et
582 3254 646 3294 mar
669 3241 716 3294 ine
735 3237 921 3294 rectiusculis
943 3252 996 3292 uec
1009 3239 1042 3291 ut
1062 3237 1093 3289 ln
1115 3251 1149 3292 ao
1164 3235 1252 3291 dorso
1265 3237 1451 3292 rectiusculis

159 3313 194 3365 -et
213 3309 349 3379 margine
370 3309 596 3366 membranaceo
618 3326 654 3366 su
678 3310 762 3382 apice
778 3309 879 3380 gibbis
893 3308 1002 3364 eximis
1018 3307 1122 3362 differt.

213 3487 245 3553 Ι.
266 3484 342 3552 Ph.
363 3485 625 3554 echinatum
654 3485 752 3566 [Host
770 3482 881 3552 Grani.
904 3486 963 3565 ΙΙΙ,
991 3503 1021 3568 p.
1050 3486 1079 3563 8,
1111 3485 1174 3552 lab.
1208 3482 1264 3569 ll)
1290 3503 1449 3554 annuum,

165 3574 283 3641 culmis
312 3575 433 3656 saepius
460 3575 613 3658 pluribus
644 3575 764 3640 erectis
792 3577 843 3641 rel
873 3573 1342 3658 geniculato-ascendentibus,
1362 3573 1449 3644 loliis

163 3663 487 3730 lineari-lanceolatis
508 3664 656 3746 margine
672 3665 799 3749 saepius
815 3663 967 3744 laevibus,
986 3662 1138 3748 panicula
1154 3662 1333 3748 spicilormi
1352 3670 1449 3734 orale

60 3750 61 3754 ’
165 3753 217 3818 vel
244 3752 394 3834 oblonga,
410 3753 531 3834 glumis
553 3753 703 3836 oblongis
724 3756 788 3820 late
806 3752 1065 3819 membranaceis
1094 3752 1285 3834 marginatis
1316 3751 1449 3825 iuterna

159 3840 352 3910 -subinuaus
384 3842 476 3926 apice
506 3841 666 3908 truncatis
696 3843 794 3910 dorso
826 3843 979 3909 elcralim
1003 3841 1143 3908 trinervi
1174 3847 1206 3907 et
1233 3841 1274 3906 ad
1303 3841 1447 3912 carinam

164 3935 262 4012 longe
281 3931 387 3996 cilialo
406 3931 440 3995 in
464 3932 599 3997 aristam
622 3931 771 3998 scabram
790 3931 902 4014 glumd
922 3929 1102 4014 longiorem
1127 3929 1354 4008 divergentem
1375 3955 1450 4020 pro·

164 4025 276 4096 ducto.
295 4019 462 4103 glumellis
490 4025 523 4086 et
548 4021 640 4104 palea
660 4021 802 4105 hyalinis
826 4019 883 4086 illo
907 4020 1017 4104 gluma
1044 4018 1144 4102 duplo
1171 4017 1324 4084 breviore
1353 4029 1450 4092 ovata

164 4112 316 4180 truncati
336 4106 518 4186 subtacere,
536 4109 627 4193 palei
646 4111 837 4194 augustiore
859 4115 907 4188 Θ.
928 4108 1024 4174 Trin-
1049 4105 1161 4174 Gram.
1185 4107 1247 4173 tab.
1265 4109 1295 4172 Ι.
1324 4142 1366 4156 -
1383 4112 1448 4180 Po.

162 4195 310 4286 saliacum
329 4196 434 4264 Siblh.
455 4203 488 4263 et
503 4197 571 4265 Sm.
591 4197 706 4266 Prodr.
725 4199 750 4278 I,
767 4219 798 4283 p.
815 4199 867 4264 aa.

201 4319 280 4376 Hah.
295 4321 327 4376 in
346 4320 434 4404 cultis
455 4322 586 4393 Graeeiae‚
602 4322 849 4396 Pelopponnesus
871 4320 910 4377 ad
928 4322 1090 4448 Naupliam
1110 4320 1246 4406 (oephi),
1261 4320 1392 4406 Laconia
1412 4317 1451 4376 ad

161 4389 305 4463 Spartam
333 4392 460 4464 Bomoi),
474 4393 531 4450 Zao
554 4393 932 4478 nthustMarglJLGorcyra
945 4393 1001 4462 (Ba
1015 4392 1062 4464 ll),
1073 4391 1258 4465 Cephalonis
1269 4391 1397 4450 alattore
1412 4391 1451 4447 ad

166 4467 299 4519 montem
352 4478 407 4519 nos
420 4463 524 4536 5500'(
556 4465 654 4538 clatri),
667 4465 805 4538 Byzantii
819 4464 934 4535 (Nost).

202 4573 251 4630 dr.
264 4575 366 4644 (iacgr.
381 4574 591 4645 Sicilie,1talia
604 4575 753 4648 australis,
768 4575 931 4634 Dalmatia.
