<?xml version="1.0" encoding="UTF-8"?>
<!DOCTYPE html PUBLIC "-//W3C//DTD XHTML 1.0 Transitional//EN"
    "http://www.w3.org/TR/xhtml1/DTD/xhtml1-transitional.dtd">
<html xmlns="http://www.w3.org/1999/xhtml" xml:lang="en" lang="en">
 <head>
  <title>
</title>
<meta http-equiv="Content-Type" content="text/html;charset=utf-8" />
  <meta name='ocr-system' content='tesseract 3.04.00' />
  <meta name='ocr-capabilities' content='ocr_page ocr_carea ocr_par ocr_line ocrx_word'/>
</head>
<body>
  <div class='ocr_page' id='page_1' title='image "./floraorientalis03boisgoog_0768.png"; bbox 0 0 3242 5124; ppageno 0'>
   <div class='ocr_carea' id='block_1_1' title="bbox 208 349 1255 414">
    <p class='ocr_par' dir='ltr' id='par_1_1' title="bbox 208 349 1255 414">
     <span class='ocr_line' id='line_1_1' title="bbox 208 349 1255 414; baseline -0.001 -8"><span class='ocrx_word' id='word_1_1' title='bbox 208 349 263 407; x_wconf 80' lang='grc'>760</span> <span class='ocrx_word' id='word_1_2' title='bbox 455 362 646 406; x_wconf 59' lang='lat' dir='ltr'>carantana</span> <span class='ocrx_word' id='word_1_3' title='bbox 663 363 703 405; x_wconf 77' lang='grc' dir='ltr'>ΕΤ</span> <span class='ocrx_word' id='word_1_4' title='bbox 720 365 871 407; x_wconf 73' lang='grc' dir='ltr'><strong>ΑΗΒΕΝΒΑ</strong></span> <span class='ocrx_word' id='word_1_5' title='bbox 890 366 932 408; x_wconf 75' lang='grc' dir='ltr'>ΑΒ</span> <span class='ocrx_word' id='word_1_6' title='bbox 951 363 1096 407; x_wconf 80' lang='lat' dir='ltr'><strong>VOLUMEN</strong></span> <span class='ocrx_word' id='word_1_7' title='bbox 1116 363 1255 414; x_wconf 79' lang='lat' dir='ltr'><strong>QUINTUM</strong></span> 
     </span>
    </p>
   </div>
   <div class='ocr_carea' id='block_1_2' title="bbox 210 473 1601 562">
    <p class='ocr_par' dir='ltr' id='par_1_2' title="bbox 210 473 1601 562">
     <span class='ocr_line' id='line_1_2' title="bbox 210 473 1601 562; baseline 0.002 -20"><span class='ocrx_word' id='word_1_8' title='bbox 210 478 285 560; x_wconf 78' lang='lat' dir='ltr'>Pag.</span> <span class='ocrx_word' id='word_1_9' title='bbox 311 477 385 542; x_wconf 88' lang='grc'><strong>387.</strong></span> <span class='ocrx_word' id='word_1_10' title='bbox 411 476 453 544; x_wconf 86' lang='lat' dir='ltr'>C.</span> <span class='ocrx_word' id='word_1_11' title='bbox 484 473 833 560; x_wconf 81' lang='lat' dir='ltr'>alopecurotdes.</span> <span class='ocrx_word' id='word_1_12' title='bbox 869 477 947 544; x_wconf 85' lang='lat' dir='ltr'>[tab.</span> <span class='ocrx_word' id='word_1_13' title='bbox 984 495 1117 562; x_wconf 80' lang='lat' dir='ltr'>quoque</span> <span class='ocrx_word' id='word_1_14' title='bbox 1145 478 1177 542; x_wconf 87' lang='lat' dir='ltr'>in</span> <span class='ocrx_word' id='word_1_15' title='bbox 1210 475 1334 542; x_wconf 85' lang='lat' dir='ltr'>ditione</span> <span class='ocrx_word' id='word_1_16' title='bbox 1368 477 1494 562; x_wconf 68' lang='lat' dir='ltr'>rapum</span> <span class='ocrx_word' id='word_1_17' title='bbox 1600 487 1601 490; x_wconf 75' lang='grc'>’</span> 
     </span>
    </p>
   </div>
   <div class='ocr_carea' id='block_1_3' title="bbox 344 563 679 651">
    <p class='ocr_par' dir='ltr' id='par_1_3' title="bbox 344 563 679 651">
     <span class='ocr_line' id='line_1_3' title="bbox 344 563 679 651; baseline -0.012 -19"><span class='ocrx_word' id='word_1_18' title='bbox 344 565 461 651; x_wconf 81' lang='lat' dir='ltr'>Egypti</span> <span class='ocrx_word' id='word_1_19' title='bbox 479 563 679 649; x_wconf 71' lang='lat' dir='ltr'>(acchera).</span> 
     </span>
    </p>
   </div>
   <div class='ocr_carea' id='block_1_4' title="bbox 211 706 1494 1150">
    <p class='ocr_par' dir='ltr' id='par_1_4' title="bbox 211 706 1494 1150">
     <span class='ocr_line' id='line_1_4' title="bbox 211 706 1494 792; baseline -0.002 -19"><span class='ocrx_word' id='word_1_20' title='bbox 211 707 288 792; x_wconf 81' lang='lat' dir='ltr'>Pag.</span> <span class='ocrx_word' id='word_1_21' title='bbox 316 709 391 774; x_wconf 85' lang='grc'><strong>868.</strong></span> <span class='ocrx_word' id='word_1_22' title='bbox 416 708 458 774; x_wconf 87' lang='lat' dir='ltr'>C.</span> <span class='ocrx_word' id='word_1_23' title='bbox 483 723 733 792; x_wconf 76' lang='lat' dir='ltr'>pquaeus.</span> <span class='ocrx_word' id='word_1_24' title='bbox 759 706 807 776; x_wconf 88' lang='lat' dir='ltr'>Ct.</span> <span class='ocrx_word' id='word_1_25' title='bbox 836 709 1025 776; x_wconf 82' lang='lat' dir='ltr'>Aschereon</span> <span class='ocrx_word' id='word_1_26' title='bbox 1055 709 1087 774; x_wconf 87' lang='lat' dir='ltr'>in</span> <span class='ocrx_word' id='word_1_27' title='bbox 1122 708 1182 774; x_wconf 87' lang='lat' dir='ltr'>titt.</span> <span class='ocrx_word' id='word_1_28' title='bbox 1211 708 1417 776; x_wconf 73' lang='lat' dir='ltr'>characteres</span> <span class='ocrx_word' id='word_1_29' title='bbox 1450 725 1494 772; x_wconf 77' lang='lat' dir='ltr'>cx</span> 
     </span>
     <span class='ocr_line' id='line_1_5' title="bbox 347 798 1491 881; baseline -0.002 -19"><span class='ocrx_word' id='word_1_30' title='bbox 347 814 486 863; x_wconf 86' lang='lat' dir='ltr'>numero</span> <span class='ocrx_word' id='word_1_31' title='bbox 510 815 685 863; x_wconf 76' lang='lat' dir='ltr'>nervorum</span> <span class='ocrx_word' id='word_1_32' title='bbox 713 798 898 878; x_wconf 81' lang='lat' dir='ltr'>giumarum</span> <span class='ocrx_word' id='word_1_33' title='bbox 926 803 958 862; x_wconf 89' lang='lat' dir='ltr'>et</span> <span class='ocrx_word' id='word_1_34' title='bbox 986 815 1026 862; x_wconf 81' lang='lat' dir='ltr'>er</span> <span class='ocrx_word' id='word_1_35' title='bbox 1060 799 1249 880; x_wconf 80' lang='lat' dir='ltr'>gtcrmarcm</span> <span class='ocrx_word' id='word_1_36' title='bbox 1275 798 1491 881; x_wconf 84' lang='lat' dir='ltr'>dispositione</span> 
     </span>
     <span class='ocr_line' id='line_1_6' title="bbox 342 885 1493 969; baseline -0.001 -19"><span class='ocrx_word' id='word_1_37' title='bbox 342 887 480 953; x_wconf 77' lang='lat' dir='ltr'>disticha</span> <span class='ocrx_word' id='word_1_38' title='bbox 503 887 552 951; x_wconf 86' lang='lat' dir='ltr'>vei</span> <span class='ocrx_word' id='word_1_39' title='bbox 579 885 693 966; x_wconf 84' lang='lat' dir='ltr'>spicati</span> <span class='ocrx_word' id='word_1_40' title='bbox 724 887 937 969; x_wconf 86' lang='lat' dir='ltr'>depromptos</span> <span class='ocrx_word' id='word_1_41' title='bbox 966 887 1142 952; x_wconf 70' lang='lat' dir='ltr'><strong>variabiles</strong></span> <span class='ocrx_word' id='word_1_42' title='bbox 1171 891 1321 953; x_wconf 78' lang='lat' dir='ltr'><strong>autumat</strong></span> <span class='ocrx_word' id='word_1_43' title='bbox 1345 893 1378 952; x_wconf 82' lang='lat' dir='ltr'>et</span> <span class='ocrx_word' id='word_1_44' title='bbox 1407 892 1493 954; x_wconf 87' lang='lat' dir='ltr'>tunc</span> 
     </span>
     <span class='ocr_line' id='line_1_7' title="bbox 343 975 1489 1060; baseline -0.004 -18"><span class='ocrx_word' id='word_1_45' title='bbox 343 979 410 1042; x_wconf 83' lang='lat' dir='ltr'>iraec</span> <span class='ocrx_word' id='word_1_46' title='bbox 436 975 563 1058; x_wconf 83' lang='lat' dir='ltr'>specics</span> <span class='ocrx_word' id='word_1_47' title='bbox 585 975 695 1055; x_wconf 71' lang='lat' dir='ltr'>scirpi</span> <span class='ocrx_word' id='word_1_48' title='bbox 718 975 908 1042; x_wconf 79' lang='lat' dir='ltr'>Mictatiarcc&#39;</span> <span class='ocrx_word' id='word_1_49' title='bbox 939 977 1042 1041; x_wconf 88' lang='lat' dir='ltr'>icrma</span> <span class='ocrx_word' id='word_1_50' title='bbox 1068 981 1167 1043; x_wconf 85' lang='lat' dir='ltr'>esset.</span> <span class='ocrx_word' id='word_1_51' title='bbox 1193 975 1275 1041; x_wconf 85' lang='lat' dir='ltr'>Hah.</span> <span class='ocrx_word' id='word_1_52' title='bbox 1300 994 1431 1060; x_wconf 84' lang='lat' dir='ltr'>quoque</span> <span class='ocrx_word' id='word_1_53' title='bbox 1457 975 1489 1038; x_wconf 90' lang='lat' dir='ltr'>in</span> 
     </span>
     <span class='ocr_line' id='line_1_8' title="bbox 341 1063 1443 1150; baseline -0.001 -18"><span class='ocrx_word' id='word_1_54' title='bbox 341 1066 485 1148; x_wconf 74' lang='lat' dir='ltr'>Corcyra</span> <span class='ocrx_word' id='word_1_55' title='bbox 503 1063 676 1148; x_wconf 81' lang='lat' dir='ltr'>(Wichura</span> <span class='ocrx_word' id='word_1_56' title='bbox 695 1085 734 1130; x_wconf 86' lang='lat' dir='ltr'>ex</span> <span class='ocrx_word' id='word_1_57' title='bbox 754 1066 936 1150; x_wconf 58' lang='lat' dir='ltr'>sisciam),</span> <span class='ocrx_word' id='word_1_58' title='bbox 957 1067 991 1130; x_wconf 88' lang='lat' dir='ltr'>in</span> <span class='ocrx_word' id='word_1_59' title='bbox 1009 1065 1145 1148; x_wconf 80' lang='lat' dir='ltr'>planitie</span> <span class='ocrx_word' id='word_1_60' title='bbox 1162 1065 1305 1148; x_wconf 76' lang='lat' dir='ltr'>Troiana</span> <span class='ocrx_word' id='word_1_61' title='bbox 1324 1064 1443 1149; x_wconf 82' lang='lat' dir='ltr'>(Sinti.</span> 
     </span>
    </p>
   </div>
   <div class='ocr_carea' id='block_1_5' title="bbox 212 1204 1496 1292">
    <p class='ocr_par' dir='ltr' id='par_1_5' title="bbox 212 1167 1609 1298">
     <span class='ocr_line' id='line_1_9' title="bbox 212 1204 1496 1292; baseline 0.001 -20"><span class='ocrx_word' id='word_1_62' title='bbox 212 1207 290 1290; x_wconf 79' lang='lat' dir='ltr'>Peg.</span> <span class='ocrx_word' id='word_1_63' title='bbox 316 1208 391 1274; x_wconf 83' lang='grc'><strong>870,</strong></span> <span class='ocrx_word' id='word_1_64' title='bbox 417 1207 455 1274; x_wconf 69' lang='lat' dir='ltr'>Gv</span> <span class='ocrx_word' id='word_1_65' title='bbox 476 1207 567 1274; x_wconf 83' lang='lat' dir='ltr'>Iria</span> <span class='ocrx_word' id='word_1_66' title='bbox 584 1206 768 1274; x_wconf 86' lang='lat' dir='ltr'>adde.Hab.</span> <span class='ocrx_word' id='word_1_67' title='bbox 787 1207 819 1272; x_wconf 86' lang='lat' dir='ltr'>in</span> <span class='ocrx_word' id='word_1_68' title='bbox 834 1207 977 1292; x_wconf 83' lang='lat' dir='ltr'>oryzctis</span> <span class='ocrx_word' id='word_1_69' title='bbox 994 1207 1164 1274; x_wconf 78' lang='lat' dir='ltr'>districtis</span> <span class='ocrx_word' id='word_1_70' title='bbox 1175 1205 1299 1274; x_wconf 72' lang='lat' dir='ltr'>ituram</span> <span class='ocrx_word' id='word_1_71' title='bbox 1310 1204 1496 1289; x_wconf 81' lang='lat' dir='ltr'>Aiigiranira</span> 
     </span>
    </p>
   </div>
   <div class='ocr_carea' id='block_1_6' title="bbox 344 1294 1492 1470">
    <p class='ocr_par' dir='ltr' id='par_1_6' title="bbox 344 1294 1492 1470">
     <span class='ocr_line' id='line_1_10' title="bbox 344 1294 1492 1381; baseline -0.001 -20"><span class='ocrx_word' id='word_1_72' title='bbox 344 1295 465 1381; x_wconf 80' lang='lat' dir='ltr'>(Aitcir.</span> <span class='ocrx_word' id='word_1_73' title='bbox 487 1299 551 1362; x_wconf 80' lang='lat' dir='ltr'>tta</span> <span class='ocrx_word' id='word_1_74' title='bbox 563 1297 595 1374; x_wconf 88' lang='lat' dir='ltr'>t).</span> <span class='ocrx_word' id='word_1_75' title='bbox 610 1294 657 1362; x_wconf 72' lang='grc' dir='ltr'>(ΙΙ.</span> <span class='ocrx_word' id='word_1_76' title='bbox 679 1297 849 1362; x_wconf 85' lang='lat' dir='ltr'>Aitchison</span> <span class='ocrx_word' id='word_1_77' title='bbox 867 1315 907 1362; x_wconf 85' lang='lat' dir='ltr'>ex</span> <span class='ocrx_word' id='word_1_78' title='bbox 925 1296 1036 1364; x_wconf 79' lang='lat' dir='ltr'>eadem</span> <span class='ocrx_word' id='word_1_79' title='bbox 1055 1297 1187 1378; x_wconf 83' lang='lat' dir='ltr'>regione</span> <span class='ocrx_word' id='word_1_80' title='bbox 1208 1295 1241 1361; x_wconf 86' lang='lat' dir='ltr'>C.</span> <span class='ocrx_word' id='word_1_81' title='bbox 1258 1296 1391 1365; x_wconf 76' lang='lat' dir='ltr'>nircum</span> <span class='ocrx_word' id='word_1_82' title='bbox 1408 1295 1492 1361; x_wconf 78' lang='lat' dir='ltr'>Reiz</span> 
     </span>
     <span class='ocr_line' id='line_1_11' title="bbox 344 1386 947 1470; baseline 0.003 -20"><span class='ocrx_word' id='word_1_83' title='bbox 344 1387 486 1470; x_wconf 87' lang='lat' dir='ltr'>speciem</span> <span class='ocrx_word' id='word_1_84' title='bbox 506 1387 583 1450; x_wconf 75' lang='lat' dir='ltr'>mitri</span> <span class='ocrx_word' id='word_1_85' title='bbox 598 1405 660 1451; x_wconf 84' lang='lat' dir='ltr'>non</span> <span class='ocrx_word' id='word_1_86' title='bbox 685 1391 793 1453; x_wconf 83' lang='lat' dir='ltr'>notam</span> <span class='ocrx_word' id='word_1_87' title='bbox 815 1386 947 1453; x_wconf 86' lang='lat' dir='ltr'>indicat.</span> 
     </span>
    </p>
   </div>
   <div class='ocr_carea' id='block_1_7' title="bbox 209 1523 1492 1698">
    <p class='ocr_par' dir='ltr' id='par_1_7' title="bbox 209 1523 1492 1698">
     <span class='ocr_line' id='line_1_12' title="bbox 209 1523 1492 1698; baseline -0.002 -107"><span class='ocrx_word' id='word_1_88' title='bbox 209 1526 285 1610; x_wconf 75' lang='lat' dir='ltr'>Peg.</span> <span class='ocrx_word' id='word_1_89' title='bbox 312 1525 386 1698; x_wconf 51' lang='grc' dir='ltr'>Ἥ.</span> <span class='ocrx_word' id='word_1_90' title='bbox 413 1523 453 1696; x_wconf 60' lang='lat' dir='ltr'>t(2).</span> <span class='ocrx_word' id='word_1_91' title='bbox 469 1523 640 1608; x_wconf 65' lang='lat' dir='ltr'>glaber.</span> <span class='ocrx_word' id='word_1_92' title='bbox 662 1525 742 1588; x_wconf 78' lang='lat' dir='ltr'>Hah.</span> <span class='ocrx_word' id='word_1_93' title='bbox 762 1544 894 1610; x_wconf 85' lang='lat' dir='ltr'>quoque</span> <span class='ocrx_word' id='word_1_94' title='bbox 912 1527 943 1590; x_wconf 89' lang='lat' dir='ltr'>in</span> <span class='ocrx_word' id='word_1_95' title='bbox 965 1524 1099 1610; x_wconf 86' lang='lat' dir='ltr'>planitie</span> <span class='ocrx_word' id='word_1_96' title='bbox 1114 1524 1260 1607; x_wconf 78' lang='lat' dir='ltr'>Troiana</span> <span class='ocrx_word' id='word_1_97' title='bbox 1281 1525 1320 1590; x_wconf 84' lang='lat' dir='ltr'>ad</span> <span class='ocrx_word' id='word_1_98' title='bbox 1338 1523 1492 1592; x_wconf 79' lang='lat' dir='ltr'>Seitunii&#39;r</span> 
     </span>
     <span class='ocr_line' id='line_1_13' title="bbox 378 1633 460 1678; baseline -0.037 0"><span class='ocrx_word' id='word_1_99' title='bbox 378 1633 409 1678; x_wconf 80' lang='lat' dir='ltr'>in</span> <span class='ocrx_word' id='word_1_100' title='bbox 429 1664 435 1676; x_wconf 93' lang='lat'><strong>.</strong></span> <span class='ocrx_word' id='word_1_101' title='bbox 455 1663 460 1675; x_wconf 94' lang='lat'><em>.</em></span> 
     </span>
    </p>
   </div>
   <div class='ocr_carea' id='block_1_8' title="bbox 209 1754 1493 1931">
    <p class='ocr_par' dir='ltr' id='par_1_8' title="bbox 209 1754 1493 1931">
     <span class='ocr_line' id='line_1_14' title="bbox 209 1754 1493 1839; baseline 0 -20"><span class='ocrx_word' id='word_1_102' title='bbox 209 1755 287 1839; x_wconf 59' lang='lat' dir='ltr'>Pap</span> <span class='ocrx_word' id='word_1_103' title='bbox 312 1757 387 1821; x_wconf 90' lang='grc'><strong>373.</strong></span> <span class='ocrx_word' id='word_1_104' title='bbox 413 1755 457 1824; x_wconf 84' lang='lat' dir='ltr'>C.</span> <span class='ocrx_word' id='word_1_105' title='bbox 477 1758 748 1825; x_wconf 82' lang='lat' dir='ltr'>auricomus.</span> <span class='ocrx_word' id='word_1_106' title='bbox 769 1755 842 1822; x_wconf 85' lang='lat' dir='ltr'>Non</span> <span class='ocrx_word' id='word_1_107' title='bbox 869 1757 910 1822; x_wconf 88' lang='lat' dir='ltr'>ad</span> <span class='ocrx_word' id='word_1_108' title='bbox 933 1757 1089 1823; x_wconf 85' lang='lat' dir='ltr'>Kahir·am</span> <span class='ocrx_word' id='word_1_109' title='bbox 1113 1755 1172 1821; x_wconf 84' lang='lat' dir='ltr'>sed</span> <span class='ocrx_word' id='word_1_110' title='bbox 1194 1773 1298 1839; x_wconf 82' lang='lat' dir='ltr'>prope</span> <span class='ocrx_word' id='word_1_111' title='bbox 1326 1754 1434 1822; x_wconf 80' lang='lat' dir='ltr'>Benira</span> <span class='ocrx_word' id='word_1_112' title='bbox 1457 1759 1493 1819; x_wconf 83' lang='lat' dir='ltr'>et</span> 
     </span>
     <span class='ocr_line' id='line_1_15' title="bbox 342 1845 1007 1931; baseline 0.002 -21"><span class='ocrx_word' id='word_1_113' title='bbox 342 1847 374 1912; x_wconf 89' lang='lat' dir='ltr'>in</span> <span class='ocrx_word' id='word_1_114' title='bbox 397 1846 521 1917; x_wconf 75' lang='lat' dir='ltr'>ditione.</span> <span class='ocrx_word' id='word_1_115' title='bbox 536 1845 661 1929; x_wconf 82' lang='lat' dir='ltr'>Fayum</span> <span class='ocrx_word' id='word_1_116' title='bbox 683 1847 788 1914; x_wconf 89' lang='lat' dir='ltr'>iectus</span> <span class='ocrx_word' id='word_1_117' title='bbox 805 1845 1007 1931; x_wconf 85' lang='lat' dir='ltr'>(Aschers.).</span> 
     </span>
    </p>
   </div>
   <div class='ocr_carea' id='block_1_9' title="bbox 211 1984 1490 2161">
    <p class='ocr_par' dir='ltr' id='par_1_9' title="bbox 211 1984 1490 2161">
     <span class='ocr_line' id='line_1_16' title="bbox 211 1984 1490 2072; baseline -0.002 -19"><span class='ocrx_word' id='word_1_118' title='bbox 211 1987 288 2072; x_wconf 82' lang='lat' dir='ltr'>Pag.</span> <span class='ocrx_word' id='word_1_119' title='bbox 315 1990 390 2054; x_wconf 86' lang='grc'><strong>378.</strong></span> <span class='ocrx_word' id='word_1_120' title='bbox 417 1989 456 2055; x_wconf 86' lang='lat' dir='ltr'>C.</span> <span class='ocrx_word' id='word_1_121' title='bbox 491 1989 756 2072; x_wconf 76' lang='lat' dir='ltr'>pallescens.</span> <span class='ocrx_word' id='word_1_122' title='bbox 795 1986 867 2054; x_wconf 85' lang='lat' dir='ltr'>Non</span> <span class='ocrx_word' id='word_1_123' title='bbox 900 1990 941 2055; x_wconf 85' lang='lat' dir='ltr'>ad</span> <span class='ocrx_word' id='word_1_124' title='bbox 980 1988 1135 2053; x_wconf 79' lang='lat' dir='ltr'>Kairiram</span> <span class='ocrx_word' id='word_1_125' title='bbox 1161 1985 1220 2053; x_wconf 82' lang='lat' dir='ltr'>sed</span> <span class='ocrx_word' id='word_1_126' title='bbox 1252 2003 1354 2070; x_wconf 85' lang='lat' dir='ltr'>prope</span> <span class='ocrx_word' id='word_1_127' title='bbox 1378 1984 1490 2052; x_wconf 83' lang='lat' dir='ltr'>Benira</span> 
     </span>
     <span class='ocr_line' id='line_1_17' title="bbox 344 2077 790 2161; baseline -0.004 -17"><span class='ocrx_word' id='word_1_128' title='bbox 344 2077 531 2161; x_wconf 83' lang='lat' dir='ltr'>(Schweini.</span> <span class='ocrx_word' id='word_1_129' title='bbox 554 2079 655 2157; x_wconf 79' lang='grc'><strong>3077)</strong></span> <span class='ocrx_word' id='word_1_130' title='bbox 675 2080 790 2144; x_wconf 86' lang='lat' dir='ltr'>iectus.</span> 
     </span>
    </p>
   </div>
   <div class='ocr_carea' id='block_1_10' title="bbox 207 2215 1287 2322">
    <p class='ocr_par' dir='ltr' id='par_1_10' title="bbox 207 2215 1287 2322">
     <span class='ocr_line' id='line_1_18' title="bbox 207 2215 1287 2322; baseline -0.003 -39"><span class='ocrx_word' id='word_1_131' title='bbox 207 2219 286 2322; x_wconf 76' lang='lat' dir='ltr'>Pag.</span> <span class='ocrx_word' id='word_1_132' title='bbox 312 2219 385 2284; x_wconf 81' lang='grc'><strong>376.</strong></span> <span class='ocrx_word' id='word_1_133' title='bbox 411 2218 453 2286; x_wconf 88' lang='lat' dir='ltr'>G.</span> <span class='ocrx_word' id='word_1_134' title='bbox 475 2215 649 2285; x_wconf 85' lang='lat' dir='ltr'>badius.</span> <span class='ocrx_word' id='word_1_135' title='bbox 668 2216 749 2282; x_wconf 85' lang='lat' dir='ltr'>Hah.</span> <span class='ocrx_word' id='word_1_136' title='bbox 766 2235 900 2300; x_wconf 83' lang='lat' dir='ltr'>quoque</span> <span class='ocrx_word' id='word_1_137' title='bbox 919 2218 951 2282; x_wconf 84' lang='lat' dir='ltr'>in</span> <span class='ocrx_word' id='word_1_138' title='bbox 971 2215 1149 2300; x_wconf 71' lang='lat' dir='ltr'>Cacicsyria</span> <span class='ocrx_word' id='word_1_139' title='bbox 1165 2215 1287 2305; x_wconf 64' lang='lat' dir='ltr'>(Eira).</span> 
     </span>
    </p>
   </div>
   <div class='ocr_carea' id='block_1_11' title="bbox 1601 1751 1609 2198">
    <p class='ocr_par' dir='ltr' id='par_1_11' title="bbox 1601 1751 1609 2272">
     <span class='ocr_line' id='line_1_19' title="bbox 1601 1751 1609 2198; baseline 0 36"><span class='ocrx_word' id='word_1_140' title='bbox 1601 1751 1609 2198; x_wconf 76' lang='lat' dir='ltr'>i</span> 
     </span>
    </p>
   </div>
   <div class='ocr_carea' id='block_1_12' title="bbox 210 2351 1609 2444">
    <p class='ocr_par' dir='ltr' id='par_1_12' title="bbox 210 2351 1609 2444">
     <span class='ocr_line' id='line_1_20' title="bbox 210 2351 1609 2444; baseline -0.004 -19"><span class='ocrx_word' id='word_1_141' title='bbox 210 2359 285 2444; x_wconf 80' lang='lat' dir='ltr'>Pag.</span> <span class='ocrx_word' id='word_1_142' title='bbox 311 2359 384 2425; x_wconf 88' lang='grc'><strong>380.</strong></span> <span class='ocrx_word' id='word_1_143' title='bbox 410 2357 596 2442; x_wconf 84' lang='lat' dir='ltr'>Scirpus</span> <span class='ocrx_word' id='word_1_144' title='bbox 612 2357 747 2424; x_wconf 85' lang='lat' dir='ltr'>Savit.</span> <span class='ocrx_word' id='word_1_145' title='bbox 767 2357 850 2422; x_wconf 90' lang='lat' dir='ltr'>Hab.</span> <span class='ocrx_word' id='word_1_146' title='bbox 866 2376 998 2442; x_wconf 80' lang='lat' dir='ltr'>quoquc</span> <span class='ocrx_word' id='word_1_147' title='bbox 1015 2357 1047 2423; x_wconf 86' lang='lat' dir='ltr'>in</span> <span class='ocrx_word' id='word_1_148' title='bbox 1066 2357 1163 2443; x_wconf 75' lang='lat' dir='ltr'>Syria</span> <span class='ocrx_word' id='word_1_149' title='bbox 1178 2358 1311 2426; x_wconf 83' lang='lat' dir='ltr'>littorati</span> <span class='ocrx_word' id='word_1_150' title='bbox 1329 2357 1369 2424; x_wconf 85' lang='lat' dir='ltr'>ad</span> <span class='ocrx_word' id='word_1_151' title='bbox 1384 2357 1490 2440; x_wconf 86' lang='lat' dir='ltr'>Bery·</span> <span class='ocrx_word' id='word_1_152' title='bbox 1607 2351 1609 2366; x_wconf 63' lang='lat'><em>²</em></span> 
     </span>
    </p>
   </div>
   <div class='ocr_carea' id='block_1_13' title="bbox 342 2446 1110 2530">
    <p class='ocr_par' dir='ltr' id='par_1_13' title="bbox 342 2446 1110 2530">
     <span class='ocr_line' id='line_1_21' title="bbox 342 2446 1110 2530; baseline 0 -18"><span class='ocrx_word' id='word_1_153' title='bbox 342 2450 431 2513; x_wconf 88' lang='lat' dir='ltr'>thum</span> <span class='ocrx_word' id='word_1_154' title='bbox 453 2453 485 2512; x_wconf 89' lang='lat' dir='ltr'>et</span> <span class='ocrx_word' id='word_1_155' title='bbox 502 2447 660 2512; x_wconf 82' lang='lat' dir='ltr'>interiore</span> <span class='ocrx_word' id='word_1_156' title='bbox 682 2448 715 2512; x_wconf 83' lang='lat' dir='ltr'>in</span> <span class='ocrx_word' id='word_1_157' title='bbox 736 2446 1110 2530; x_wconf 75' lang='lat' dir='ltr'>Caeicsy1·ia(iiirrenb.).</span> 
     </span>
    </p>
   </div>
   <div class='ocr_carea' id='block_1_14' title="bbox 208 2604 1490 2956">
    <p class='ocr_par' dir='ltr' id='par_1_14' title="bbox 208 2604 1490 2956">
     <span class='ocr_line' id='line_1_22' title="bbox 208 2604 1490 2690; baseline -0.001 -19"><span class='ocrx_word' id='word_1_158' title='bbox 208 2605 284 2688; x_wconf 82' lang='lat' dir='ltr'>Pag.</span> <span class='ocrx_word' id='word_1_159' title='bbox 311 2607 386 2671; x_wconf 87' lang='grc'><strong>380.</strong></span> <span class='ocrx_word' id='word_1_160' title='bbox 423 2605 608 2688; x_wconf 79' lang='lat' dir='ltr'>scirpus</span> <span class='ocrx_word' id='word_1_161' title='bbox 636 2605 843 2689; x_wconf 85' lang='lat' dir='ltr'>supinus.</span> <span class='ocrx_word' id='word_1_162' title='bbox 876 2605 955 2670; x_wconf 81' lang='lat' dir='ltr'>Hah.</span> <span class='ocrx_word' id='word_1_163' title='bbox 978 2623 1109 2690; x_wconf 76' lang='lat' dir='ltr'>quoque</span> <span class='ocrx_word' id='word_1_164' title='bbox 1134 2606 1166 2672; x_wconf 87' lang='lat' dir='ltr'>in</span> <span class='ocrx_word' id='word_1_165' title='bbox 1194 2605 1312 2689; x_wconf 76' lang='lat' dir='ltr'>Egypti</span> <span class='ocrx_word' id='word_1_166' title='bbox 1346 2604 1490 2671; x_wconf 86' lang='lat' dir='ltr'>Oasibus</span> 
     </span>
     <span class='ocr_line' id='line_1_23' title="bbox 340 2692 1490 2778; baseline 0.001 -21"><span class='ocrx_word' id='word_1_167' title='bbox 340 2697 491 2778; x_wconf 73' lang='lat' dir='ltr'>parvitat</span> <span class='ocrx_word' id='word_1_168' title='bbox 510 2693 631 2759; x_wconf 88' lang='lat' dir='ltr'>Dachel</span> <span class='ocrx_word' id='word_1_169' title='bbox 654 2693 846 2778; x_wconf 63' lang='lat' dir='ltr'>machera).</span> <span class='ocrx_word' id='word_1_170' title='bbox 871 2694 1026 2760; x_wconf 86' lang='lat' dir='ltr'>Deleatur</span> <span class='ocrx_word' id='word_1_171' title='bbox 1042 2697 1112 2778; x_wconf 88' lang='lat' dir='ltr'>ejus</span> <span class='ocrx_word' id='word_1_172' title='bbox 1129 2696 1270 2762; x_wconf 84' lang='lat' dir='ltr'>varietas</span> <span class='ocrx_word' id='word_1_173' title='bbox 1288 2692 1311 2777; x_wconf 82' lang='grc' dir='ltr'><em>β</em></span> <span class='ocrx_word' id='word_1_174' title='bbox 1328 2693 1490 2758; x_wconf 76' lang='lat' dir='ltr'>minimus</span> 
     </span>
     <span class='ocr_line' id='line_1_24' title="bbox 343 2783 1489 2865; baseline -0.002 -17"><span class='ocrx_word' id='word_1_175' title='bbox 343 2785 406 2849; x_wconf 74' lang='lat' dir='ltr'>haic</span> <span class='ocrx_word' id='word_1_176' title='bbox 427 2799 486 2865; x_wconf 86' lang='lat' dir='ltr'>per</span> <span class='ocrx_word' id='word_1_177' title='bbox 502 2800 650 2847; x_wconf 87' lang='lat' dir='ltr'>errorem</span> <span class='ocrx_word' id='word_1_178' title='bbox 683 2783 806 2849; x_wconf 82' lang='lat' dir='ltr'>inserta</span> <span class='ocrx_word' id='word_1_179' title='bbox 833 2801 907 2849; x_wconf 87' lang='lat' dir='ltr'>nam</span> <span class='ocrx_word' id='word_1_180' title='bbox 931 2783 981 2848; x_wconf 82' lang='lat' dir='ltr'>Sc.</span> <span class='ocrx_word' id='word_1_181' title='bbox 1009 2783 1183 2863; x_wconf 80' lang='lat' dir='ltr'>patticaria</span> <span class='ocrx_word' id='word_1_182' title='bbox 1210 2783 1314 2850; x_wconf 84' lang='lat' dir='ltr'>Deliia</span> <span class='ocrx_word' id='word_1_183' title='bbox 1340 2787 1423 2848; x_wconf 88' lang='lat' dir='ltr'>teste</span> <span class='ocrx_word' id='word_1_184' title='bbox 1449 2785 1489 2848; x_wconf 88' lang='lat' dir='ltr'>ct.</span> 
     </span>
     <span class='ocr_line' id='line_1_25' title="bbox 345 2869 1099 2956; baseline 0.003 -20"><span class='ocrx_word' id='word_1_185' title='bbox 345 2871 531 2938; x_wconf 82' lang='lat' dir='ltr'>Ascherson</span> <span class='ocrx_word' id='word_1_186' title='bbox 549 2877 601 2937; x_wconf 88' lang='lat' dir='ltr'>cst</span> <span class='ocrx_word' id='word_1_187' title='bbox 617 2869 665 2935; x_wconf 88' lang='lat' dir='ltr'>Sc.</span> <span class='ocrx_word' id='word_1_188' title='bbox 681 2871 857 2951; x_wconf 75' lang='lat' dir='ltr'>parcatur.</span> <span class='ocrx_word' id='word_1_189' title='bbox 876 2871 958 2936; x_wconf 87' lang='lat' dir='ltr'>Vide</span> <span class='ocrx_word' id='word_1_190' title='bbox 975 2893 1005 2956; x_wconf 92' lang='lat' dir='ltr'>p.</span> <span class='ocrx_word' id='word_1_191' title='bbox 1024 2875 1099 2938; x_wconf 85' lang='grc'><strong>373.</strong></span> 
     </span>
    </p>
   </div>
   <div class='ocr_carea' id='block_1_15' title="bbox 206 3000 1492 3442">
    <p class='ocr_par' dir='ltr' id='par_1_15' title="bbox 206 3000 1492 3442">
     <span class='ocr_line' id='line_1_26' title="bbox 206 3000 1489 3088; baseline -0.002 -18"><span class='ocrx_word' id='word_1_192' title='bbox 206 3006 283 3088; x_wconf 80' lang='lat' dir='ltr'>Pag.</span> <span class='ocrx_word' id='word_1_193' title='bbox 312 3004 386 3069; x_wconf 87' lang='grc'><strong>381.</strong></span> <span class='ocrx_word' id='word_1_194' title='bbox 412 3000 598 3086; x_wconf 82' lang='lat' dir='ltr'>Scirpus</span> <span class='ocrx_word' id='word_1_195' title='bbox 617 3001 875 3068; x_wconf 82' lang='lat' dir='ltr'>inclinatus.</span> <span class='ocrx_word' id='word_1_196' title='bbox 896 3001 978 3068; x_wconf 87' lang='lat' dir='ltr'>Hah.</span> <span class='ocrx_word' id='word_1_197' title='bbox 1000 3019 1103 3086; x_wconf 88' lang='lat' dir='ltr'>prope</span> <span class='ocrx_word' id='word_1_198' title='bbox 1120 3002 1287 3069; x_wconf 85' lang='lat' dir='ltr'>Rcsettarn</span> <span class='ocrx_word' id='word_1_199' title='bbox 1305 3008 1337 3068; x_wconf 89' lang='lat' dir='ltr'>et</span> <span class='ocrx_word' id='word_1_200' title='bbox 1358 3001 1489 3067; x_wconf 85' lang='lat' dir='ltr'>Damia-</span> 
     </span>
     <span class='ocr_line' id='line_1_27' title="bbox 346 3089 1489 3175; baseline -0.001 -20"><span class='ocrx_word' id='word_1_201' title='bbox 346 3098 408 3156; x_wconf 87' lang='lat' dir='ltr'>tam</span> <span class='ocrx_word' id='word_1_202' title='bbox 421 3089 541 3174; x_wconf 80' lang='lat' dir='ltr'>(Deiite</span> <span class='ocrx_word' id='word_1_203' title='bbox 555 3107 595 3154; x_wconf 82' lang='lat' dir='ltr'>ex</span> <span class='ocrx_word' id='word_1_204' title='bbox 604 3089 815 3168; x_wconf 81' lang='lat' dir='ltr'>Aschcrson),</span> <span class='ocrx_word' id='word_1_205' title='bbox 824 3091 856 3157; x_wconf 91' lang='lat' dir='ltr'>in</span> <span class='ocrx_word' id='word_1_206' title='bbox 874 3091 950 3157; x_wconf 89' lang='lat' dir='ltr'>Oasi</span> <span class='ocrx_word' id='word_1_207' title='bbox 970 3092 1092 3158; x_wconf 82' lang='lat' dir='ltr'>Dachei</span> <span class='ocrx_word' id='word_1_208' title='bbox 1115 3091 1287 3172; x_wconf 69' lang='lat' dir='ltr'>(Nartem,</span> <span class='ocrx_word' id='word_1_209' title='bbox 1308 3089 1489 3175; x_wconf 80' lang='lat' dir='ltr'>Aschera.)¹</span> 
     </span>
     <span class='ocr_line' id='line_1_28' title="bbox 343 3179 1491 3263; baseline 0 -19"><span class='ocrx_word' id='word_1_210' title='bbox 343 3180 387 3244; x_wconf 82' lang='lat' dir='ltr'>Ex</span> <span class='ocrx_word' id='word_1_211' title='bbox 407 3183 446 3250; x_wconf 87' lang='lat' dir='ltr'>ci.</span> <span class='ocrx_word' id='word_1_212' title='bbox 471 3179 659 3244; x_wconf 82' lang='lat' dir='ltr'>Ascherson</span> <span class='ocrx_word' id='word_1_213' title='bbox 684 3186 772 3245; x_wconf 92' lang='lat' dir='ltr'>certe</span> <span class='ocrx_word' id='word_1_214' title='bbox 801 3181 957 3263; x_wconf 85' lang='lat' dir='ltr'>perennis</span> <span class='ocrx_word' id='word_1_215' title='bbox 985 3187 1016 3247; x_wconf 84' lang='lat' dir='ltr'>et</span> <span class='ocrx_word' id='word_1_216' title='bbox 1041 3200 1131 3248; x_wconf 85' lang='lat' dir='ltr'>more</span> <span class='ocrx_word' id='word_1_217' title='bbox 1156 3179 1206 3247; x_wconf 83' lang='lat' dir='ltr'>Sc.</span> <span class='ocrx_word' id='word_1_218' title='bbox 1235 3179 1422 3245; x_wconf 79' lang='lat' dir='ltr'>radicantis</span> <span class='ocrx_word' id='word_1_219' title='bbox 1452 3198 1491 3246; x_wconf 82' lang='lat' dir='ltr'>se</span> 
     </span>
     <span class='ocr_line' id='line_1_29' title="bbox 342 3267 1492 3354; baseline 0.001 -21"><span class='ocrx_word' id='word_1_220' title='bbox 342 3287 538 3354; x_wconf 83' lang='lat' dir='ltr'>propagans.</span> <span class='ocrx_word' id='word_1_221' title='bbox 558 3267 633 3331; x_wconf 79' lang='lat' dir='ltr'>Haec</span> <span class='ocrx_word' id='word_1_222' title='bbox 652 3269 777 3352; x_wconf 85' lang='lat' dir='ltr'>specics</span> <span class='ocrx_word' id='word_1_223' title='bbox 792 3287 832 3334; x_wconf 84' lang='lat' dir='ltr'>ex</span> <span class='ocrx_word' id='word_1_224' title='bbox 850 3273 927 3334; x_wconf 75' lang='lat' dir='ltr'>nota</span> <span class='ocrx_word' id='word_1_225' title='bbox 940 3271 980 3335; x_wconf 89' lang='lat' dir='ltr'>ct.</span> <span class='ocrx_word' id='word_1_226' title='bbox 997 3270 1155 3336; x_wconf 78' lang='lat' dir='ltr'>Biickeicr</span> <span class='ocrx_word' id='word_1_227' title='bbox 1169 3271 1202 3337; x_wconf 89' lang='lat' dir='ltr'>in</span> <span class='ocrx_word' id='word_1_228' title='bbox 1216 3271 1309 3335; x_wconf 82' lang='lat' dir='ltr'>herb.</span> <span class='ocrx_word' id='word_1_229' title='bbox 1324 3269 1492 3336; x_wconf 86' lang='lat' dir='ltr'>Schwein·</span> 
     </span>
     <span class='ocr_line' id='line_1_30' title="bbox 340 3355 1066 3442; baseline 0.003 -20"><span class='ocrx_word' id='word_1_230' title='bbox 340 3359 431 3424; x_wconf 82' lang='lat' dir='ltr'>furth</span> <span class='ocrx_word' id='word_1_231' title='bbox 448 3379 465 3423; x_wconf 90' lang='lat' dir='ltr'>a</span> <span class='ocrx_word' id='word_1_232' title='bbox 483 3356 531 3422; x_wconf 86' lang='lat' dir='ltr'>Sc.</span> <span class='ocrx_word' id='word_1_233' title='bbox 551 3355 717 3436; x_wconf 63' lang='lat' dir='ltr'>protrfaro</span> <span class='ocrx_word' id='word_1_234' title='bbox 735 3357 843 3442; x_wconf 85' lang='lat' dir='ltr'>Rottb.</span> <span class='ocrx_word' id='word_1_235' title='bbox 864 3377 927 3423; x_wconf 86' lang='lat' dir='ltr'>nan</span> <span class='ocrx_word' id='word_1_236' title='bbox 946 3359 1066 3425; x_wconf 83' lang='lat' dir='ltr'>differt.</span> 
     </span>
    </p>
   </div>
   <div class='ocr_carea' id='block_1_16' title="bbox 209 3485 1489 3666">
    <p class='ocr_par' dir='ltr' id='par_1_16' title="bbox 209 3485 1489 3666">
     <span class='ocr_line' id='line_1_31' title="bbox 209 3485 1489 3666; baseline -0.001 -113"><span class='ocrx_word' id='word_1_237' title='bbox 209 3489 286 3582; x_wconf 62' lang='lat' dir='ltr'>Pap</span> <span class='ocrx_word' id='word_1_238' title='bbox 312 3489 390 3666; x_wconf 50' lang='grc' dir='ltr'>Ἥ</span> <span class='ocrx_word' id='word_1_239' title='bbox 415 3485 602 3656; x_wconf 49' lang='grc' dir='ltr'>ῗοὶνξυε</span> <span class='ocrx_word' id='word_1_240' title='bbox 624 3487 907 3559; x_wconf 82' lang='lat' dir='ltr'>articulatus.</span> <span class='ocrx_word' id='word_1_241' title='bbox 940 3487 1020 3553; x_wconf 84' lang='lat' dir='ltr'>Hah.</span> <span class='ocrx_word' id='word_1_242' title='bbox 1051 3489 1083 3552; x_wconf 90' lang='lat' dir='ltr'>in</span> <span class='ocrx_word' id='word_1_243' title='bbox 1114 3487 1191 3554; x_wconf 76' lang='lat' dir='ltr'>Orsi</span> <span class='ocrx_word' id='word_1_244' title='bbox 1218 3485 1337 3556; x_wconf 86' lang='lat' dir='ltr'>Dachel</span> <span class='ocrx_word' id='word_1_245' title='bbox 1371 3487 1489 3572; x_wconf 82' lang='lat' dir='ltr'>Egypti</span> 
     </span>
     <span class='ocr_line' id='line_1_32' title="bbox 391 3593 539 3652; baseline 0 -10"><span class='ocrx_word' id='word_1_246' title='bbox 391 3594 426 3652; x_wconf 79' lang='lat' dir='ltr'>sc</span> <span class='ocrx_word' id='word_1_247' title='bbox 450 3593 539 3642; x_wconf 82' lang='lat' dir='ltr'>ers..</span> 
     </span>
    </p>
   </div>
   <div class='ocr_carea' id='block_1_17' title="bbox 206 3717 1487 3894">
    <p class='ocr_par' dir='ltr' id='par_1_17' title="bbox 206 3691 1487 3894">
     <span class='ocr_line' id='line_1_33' title="bbox 206 3717 1487 3810; baseline 0.001 -24"><span class='ocrx_word' id='word_1_248' title='bbox 206 3721 282 3802; x_wconf 79' lang='lat' dir='ltr'>Pag.</span> <span class='ocrx_word' id='word_1_249' title='bbox 309 3717 384 3785; x_wconf 87' lang='grc'><strong>387.</strong></span> <span class='ocrx_word' id='word_1_250' title='bbox 409 3717 596 3804; x_wconf 84' lang='lat' dir='ltr'>Scirpus</span> <span class='ocrx_word' id='word_1_251' title='bbox 623 3717 952 3810; x_wconf 81' lang='lat' dir='ltr'>Hotoechaenus</span> <span class='ocrx_word' id='word_1_252' title='bbox 972 3738 1040 3787; x_wconf 88' lang='lat' dir='ltr'>var.</span> <span class='ocrx_word' id='word_1_253' title='bbox 1059 3717 1232 3786; x_wconf 72' lang='lat' dir='ltr'>pererratis.</span> <span class='ocrx_word' id='word_1_254' title='bbox 1249 3719 1337 3786; x_wconf 88' lang='lat' dir='ltr'>Hab.</span> <span class='ocrx_word' id='word_1_255' title='bbox 1355 3720 1396 3786; x_wconf 84' lang='lat' dir='ltr'>ad</span> <span class='ocrx_word' id='word_1_256' title='bbox 1416 3739 1487 3787; x_wconf 84' lang='lat' dir='ltr'>sca·</span> 
     </span>
     <span class='ocr_line' id='line_1_34' title="bbox 341 3807 1181 3894; baseline 0.001 -21"><span class='ocrx_word' id='word_1_257' title='bbox 341 3809 502 3891; x_wconf 81' lang='lat' dir='ltr'>turigines</span> <span class='ocrx_word' id='word_1_258' title='bbox 524 3807 585 3891; x_wconf 64' lang='lat' dir='ltr'>agp</span> <span class='ocrx_word' id='word_1_259' title='bbox 595 3809 639 3892; x_wconf 91' lang='lat' dir='ltr'>pti</span> <span class='ocrx_word' id='word_1_260' title='bbox 661 3809 700 3873; x_wconf 89' lang='lat' dir='ltr'>ad</span> <span class='ocrx_word' id='word_1_261' title='bbox 719 3808 823 3874; x_wconf 85' lang='lat' dir='ltr'>Gebrl</span> <span class='ocrx_word' id='word_1_262' title='bbox 842 3808 975 3876; x_wconf 86' lang='lat' dir='ltr'>Ghutur</span> <span class='ocrx_word' id='word_1_263' title='bbox 992 3809 1181 3894; x_wconf 78' lang='lat' dir='ltr'>(Hussont).</span> 
     </span>
    </p>
   </div>
   <div class='ocr_carea' id='block_1_18' title="bbox 208 3936 1491 4292">
    <p class='ocr_par' dir='ltr' id='par_1_18' title="bbox 208 3936 1491 4292">
     <span class='ocr_line' id='line_1_35' title="bbox 208 3936 1490 4023; baseline 0.003 -20"><span class='ocrx_word' id='word_1_264' title='bbox 208 3937 285 4020; x_wconf 79' lang='lat' dir='ltr'>Pag.</span> <span class='ocrx_word' id='word_1_265' title='bbox 313 3937 387 4003; x_wconf 89' lang='grc'><strong>383.</strong></span> <span class='ocrx_word' id='word_1_266' title='bbox 413 3936 892 4022; x_wconf 80' lang='lat' dir='ltr'>Scirpustriquataret</span> <span class='ocrx_word' id='word_1_267' title='bbox 916 3938 1216 4008; x_wconf 65' lang='lat' dir='ltr'>semenstris</span> <span class='ocrx_word' id='word_1_268' title='bbox 1248 3957 1424 4023; x_wconf 84' lang='lat' dir='ltr'>perperam</span> <span class='ocrx_word' id='word_1_269' title='bbox 1453 3945 1490 4007; x_wconf 87' lang='lat' dir='ltr'>ut</span> 
     </span>
     <span class='ocr_line' id='line_1_36' title="bbox 340 4025 1491 4114; baseline 0.004 -25"><span class='ocrx_word' id='word_1_270' title='bbox 340 4025 474 4092; x_wconf 90' lang='lat' dir='ltr'>videtur</span> <span class='ocrx_word' id='word_1_271' title='bbox 494 4028 526 4092; x_wconf 88' lang='lat' dir='ltr'>in</span> <span class='ocrx_word' id='word_1_272' title='bbox 549 4027 675 4110; x_wconf 82' lang='lat' dir='ltr'>Egypto</span> <span class='ocrx_word' id='word_1_273' title='bbox 692 4026 824 4094; x_wconf 87' lang='lat' dir='ltr'>indicati</span> <span class='ocrx_word' id='word_1_274' title='bbox 844 4028 987 4096; x_wconf 82' lang='lat' dir='ltr'>suerunt.</span> <span class='ocrx_word' id='word_1_275' title='bbox 1017 4028 1201 4112; x_wconf 86' lang='lat' dir='ltr'>Specimina</span> <span class='ocrx_word' id='word_1_276' title='bbox 1220 4028 1396 4114; x_wconf 81' lang='lat' dir='ltr'>utriusque</span> <span class='ocrx_word' id='word_1_277' title='bbox 1409 4035 1491 4095; x_wconf 87' lang='lat' dir='ltr'>sunt</span> 
     </span>
     <span class='ocr_line' id='line_1_37' title="bbox 340 4114 1490 4203; baseline 0.003 -22"><span class='ocrx_word' id='word_1_278' title='bbox 340 4115 372 4181; x_wconf 89' lang='lat' dir='ltr'>S.</span> <span class='ocrx_word' id='word_1_279' title='bbox 382 4114 541 4180; x_wconf 74' lang='lat' dir='ltr'>litteratis</span> <span class='ocrx_word' id='word_1_280' title='bbox 559 4115 731 4201; x_wconf 84' lang='lat' dir='ltr'>(Aschers.</span> <span class='ocrx_word' id='word_1_281' title='bbox 755 4117 786 4181; x_wconf 90' lang='lat' dir='ltr'>in</span> <span class='ocrx_word' id='word_1_282' title='bbox 810 4119 900 4203; x_wconf 79' lang='lat' dir='ltr'>titt).</span> <span class='ocrx_word' id='word_1_283' title='bbox 918 4156 960 4166; x_wconf 93' lang='lat'>-</span> <span class='ocrx_word' id='word_1_284' title='bbox 976 4117 1009 4184; x_wconf 85' lang='lat' dir='ltr'>S.</span> <span class='ocrx_word' id='word_1_285' title='bbox 1029 4117 1188 4184; x_wconf 77' lang='lat' dir='ltr'>littoralia</span> <span class='ocrx_word' id='word_1_286' title='bbox 1204 4119 1236 4184; x_wconf 89' lang='lat' dir='ltr'>in</span> <span class='ocrx_word' id='word_1_287' title='bbox 1254 4117 1368 4184; x_wconf 81' lang='lat' dir='ltr'>Persia</span> <span class='ocrx_word' id='word_1_288' title='bbox 1385 4135 1490 4202; x_wconf 88' lang='lat' dir='ltr'>prope</span> 
     </span>
     <span class='ocr_line' id='line_1_38' title="bbox 340 4205 1099 4292; baseline 0.003 -22"><span class='ocrx_word' id='word_1_289' title='bbox 340 4205 569 4271; x_wconf 80' lang='lat' dir='ltr'>Kernranciratr</span> <span class='ocrx_word' id='word_1_290' title='bbox 589 4224 722 4288; x_wconf 82' lang='lat' dir='ltr'>quoque</span> <span class='ocrx_word' id='word_1_291' title='bbox 738 4207 855 4276; x_wconf 84' lang='lat' dir='ltr'>crescit</span> <span class='ocrx_word' id='word_1_292' title='bbox 872 4207 1052 4292; x_wconf 86' lang='lat' dir='ltr'>(Haussk.(.</span> <span class='ocrx_word' id='word_1_293' title='bbox 1096 4247 1099 4256; x_wconf 85' lang='lat'><strong>·</strong></span> 
     </span>
    </p>
   </div>
   <div class='ocr_carea' id='block_1_19' title="bbox 206 4331 1609 4420">
    <p class='ocr_par' dir='ltr' id='par_1_19' title="bbox 206 4331 1609 4420">
     <span class='ocr_line' id='line_1_39' title="bbox 206 4331 1609 4420; baseline 0.001 -20"><span class='ocrx_word' id='word_1_294' title='bbox 206 4333 283 4416; x_wconf 78' lang='lat' dir='ltr'>Pag.</span> <span class='ocrx_word' id='word_1_295' title='bbox 311 4335 385 4399; x_wconf 85' lang='grc'><strong>388.</strong></span> <span class='ocrx_word' id='word_1_296' title='bbox 411 4331 597 4419; x_wconf 82' lang='lat' dir='ltr'>Scirpus</span> <span class='ocrx_word' id='word_1_297' title='bbox 613 4335 834 4402; x_wconf 79' lang='lat' dir='ltr'>littoralis</span> <span class='ocrx_word' id='word_1_298' title='bbox 854 4337 878 4420; x_wconf 77' lang='grc' dir='ltr'>β</span> <span class='ocrx_word' id='word_1_299' title='bbox 896 4337 1039 4418; x_wconf 72' lang='lat' dir='ltr'>dippeus</span> <span class='ocrx_word' id='word_1_300' title='bbox 1056 4337 1151 4404; x_wconf 87' lang='lat' dir='ltr'>adde.</span> <span class='ocrx_word' id='word_1_301' title='bbox 1172 4335 1248 4420; x_wconf 83' lang='lat' dir='ltr'>Syn.</span> <span class='ocrx_word' id='word_1_302' title='bbox 1268 4335 1299 4402; x_wconf 89' lang='lat' dir='ltr'>S.</span> <span class='ocrx_word' id='word_1_303' title='bbox 1312 4333 1492 4402; x_wconf 60' lang='lat' dir='ltr'>simulatus</span> <span class='ocrx_word' id='word_1_304' title='bbox 1608 4349 1609 4352; x_wconf 74' lang='grc'>’</span> 
     </span>
    </p>
   </div>
   <div class='ocr_carea' id='block_1_20' title="bbox 342 4422 1489 4601">
    <p class='ocr_par' dir='ltr' id='par_1_20' title="bbox 342 4422 1489 4601">
     <span class='ocr_line' id='line_1_40' title="bbox 342 4422 1489 4510; baseline 0.003 -22"><span class='ocrx_word' id='word_1_305' title='bbox 342 4423 448 4491; x_wconf 79' lang='lat' dir='ltr'>Aitcir.</span> <span class='ocrx_word' id='word_1_306' title='bbox 464 4422 533 4490; x_wconf 83' lang='lat' dir='ltr'>Cat.</span> <span class='ocrx_word' id='word_1_307' title='bbox 550 4423 708 4491; x_wconf 82' lang='lat' dir='ltr'>intourn.</span> <span class='ocrx_word' id='word_1_308' title='bbox 729 4427 825 4491; x_wconf 80' lang='lat' dir='ltr'>Lirin.</span> <span class='ocrx_word' id='word_1_309' title='bbox 847 4425 919 4492; x_wconf 89' lang='lat' dir='ltr'>Soc.</span> <span class='ocrx_word' id='word_1_310' title='bbox 933 4427 1062 4510; x_wconf 77' lang='lat' dir='ltr'>XtXp.</span> <span class='ocrx_word' id='word_1_311' title='bbox 1086 4431 1147 4492; x_wconf 78' lang='grc'>733</span> <span class='ocrx_word' id='word_1_312' title='bbox 1161 4445 1226 4492; x_wconf 88' lang='lat' dir='ltr'>non</span> <span class='ocrx_word' id='word_1_313' title='bbox 1244 4425 1338 4492; x_wconf 83' lang='lat' dir='ltr'>Vatri.</span> <span class='ocrx_word' id='word_1_314' title='bbox 1354 4461 1394 4474; x_wconf 90' lang='lat'><em>-</em></span> <span class='ocrx_word' id='word_1_315' title='bbox 1406 4425 1489 4491; x_wconf 83' lang='lat' dir='ltr'>Hah,</span> 
     </span>
     <span class='ocr_line' id='line_1_41' title="bbox 342 4512 1294 4601; baseline 0.002 -23"><span class='ocrx_word' id='word_1_316' title='bbox 342 4512 378 4578; x_wconf 89' lang='lat' dir='ltr'>in</span> <span class='ocrx_word' id='word_1_317' title='bbox 393 4513 536 4596; x_wconf 87' lang='lat' dir='ltr'>oryzetis</span> <span class='ocrx_word' id='word_1_318' title='bbox 557 4513 690 4580; x_wconf 86' lang='lat' dir='ltr'>ditionis</span> <span class='ocrx_word' id='word_1_319' title='bbox 708 4514 833 4581; x_wconf 88' lang='lat' dir='ltr'>Kuram</span> <span class='ocrx_word' id='word_1_320' title='bbox 849 4515 1030 4597; x_wconf 81' lang='lat' dir='ltr'>Aiighaniae</span> <span class='ocrx_word' id='word_1_321' title='bbox 1050 4514 1166 4600; x_wconf 81' lang='lat' dir='ltr'>(Aitch.</span> <span class='ocrx_word' id='word_1_322' title='bbox 1186 4515 1294 4601; x_wconf 76' lang='lat' dir='ltr'>tati).</span> 
     </span>
    </p>
   </div>
   <div class='ocr_carea' id='block_1_21' title="bbox 0 0 1626 5124">
    <p class='ocr_par' dir='ltr' id='par_1_21' title="bbox 0 0 1626 5124">
     <span class='ocr_line' id='line_1_42' title="bbox 0 0 1626 5124; baseline 0 0"><span class='ocrx_word' id='word_1_323' title='bbox 0 0 1626 5124; x_wconf 95' lang='lat' dir='ltr'> </span> 
     </span>
    </p>
   </div>
  </div>
 </body>
</html>
