3142 5102
62 261 144 386 ζ,
240 307 279 365 34
815 323 946 366 amcam
1376 311 1523 374 Butram·

185 489 187 494 .
286 431 508 516 dliorcccmc'
533 431 607 500 Sclr.
633 432 753 502 Prodr.
772 435 824 501 61.
852 472 891 482 -
913 433 1003 503 Folia
1021 439 1116 504 ovata
1141 471 1187 484 -
1209 434 1318 502 Arum
1340 437 1528 507 Keraocmr‘

243 521 358 590 Rauw.
380 523 463 604 Hod,
480 521 505 604 Ι,
524 542 556 607 p.
578 523 651 590 115.

278 634 356 691 Hah.
372 650 439 690 cum
452 635 596 692 varietate
610 637 641 692 in
655 636 772 692 Libano
787 637 907 708 (Bone),
919 639 997 692 circa
1011 637 1117 694 Beilan
1132 639 1161 693 et
1172 637 1288 710 Aleppo
1305 639 1441 710 (Haussk
1451 646 1474 714 l)
1488 645 1525 700 in

243 705 357 762 ditione
371 707 490 762 Kassan
504 706 606 776 Ogblu
626 707 738 764 Ciliciee
757 707 911 764 orientalis
925 707 995 778 (Ky.
1018 707 1072 764 tta
1083 711 1115 779 t),
1128 709 1206 765 inter
1218 712 1333 784 Aleppo
1354 717 1383 769 et
1394 713 1519 772 Mossul.

244 775 326 846 (Oliv
339 779 368 847 Ι),
381 778 458 833 inter
470 777 566 850 Siras,
580 780 610 834 et
620 778 876 835 TokatAnatoliae
889 779 1020 849 (Barrbil
1035 779 1080 836 Fl.
1097 779 1178 852 Sept.
1195 781 1265 838 Dec.

275 871 429 930 Foliorum
442 872 557 930 lemine
569 875 585 930 1
603 874 845 946 ¹lid-polliceris,
860 875 967 948 spatha
979 875 1207 948 S-ipoilicaris.
1226 877 1272 932 Ex
1285 879 1390 936 itinere
1411 879 1517 938 Oliva·

239 944 324 1000 riano
344 945 453 1000 adsunt
480 947 642 1016 specimina
666 945 779 1002 sterilia
800 947 881 1003 foliis
907 947 972 1002 blasi
994 948 1181 1003 subcordatis
1201 948 1450 1022 subauriculatis3
1477 968 1519 1008 an

239 1016 354 1088 species
368 1017 532 1072 distincta?
548 1015 590 1072 Gt.
606 1016 717 1088 Engler
731 1021 765 1073 ut
780 1019 941 1075 varietates
957 1017 993 1075 B.
1007 1017 1102 1075 ΒουειΙ
1112 1019 1286 1076 adnumerat
1300 1019 1336 1076 B.
1346 1021 1524 1080 Hccnseteri

96 1147 115 1182 Ι,
239 1092 269 1142 et
282 1085 319 1143 B.
334 1086 565 1159 diaparplentae
579 1087 759 1172 Hispanioas
770 1089 995 1160 etAlgerienses
1009 1105 1075 1162 quae
1086 1090 1160 1145 rnihi
1170 1091 1277 1162 spatha
1288 1091 1372 1148 brevi
1390 1109 1525 1166 superne

239 1159 370 1214 tenuiter
382 1159 549 1229 angustata,
565 1160 685 1231 spadica
700 1161 876 1216 tenuissima
889 1161 1023 1232 specifice
1037 1157 1184 1216 distinctae
1201 1162 1347 1220 videntur.

283 1323 314 1387 l.
338 1320 383 1387 B.
417 1321 787 1407 angustamnis.
814 1321 853 1386 D.
875 1318 1006 1386 Hooirer
1032 1318 1104 1386 Bot.
1136 1319 1216 1405 ilag.
1243 1321 1307 1388 tab.
1337 1325 1423 1390 ctat
1451 1327 1525 1393 sub

47 1411 83 1498 ξ’
238 1409 391 1494 iaciture)
419 1409 536 1476 tubere
557 1409 879 1494 globoso-depresso,
913 1409 997 1476 loliis
1031 1409 1143 1492 paucis
1171 1411 1521 1494 oblongo-lanceolatis

239 1500 342 1565 acutis
367 1502 401 1566 in
430 1499 588 1583 petiolum
611 1499 739 1567 lamina
759 1501 981 1584 aquilongum
1007 1516 1156 1566 crassum
1176 1501 1299 1567 sensim
1325 1506 1523 1586 attenuatis,

122 1609 124 1614 ¹
237 1588 423 1672 pedunculo
443 1587 639 1654 brevissimo
660 1589 786 1672 vaginis
803 1589 948 1656 breviter
961 1588 1108 1671 oblongis
1126 1591 1339 1660 acutiusculis
1352 1593 1520 1660 membra·

238 1677 348 1743 naceis
375 1677 514 1761 inclus0,
534 1677 659 1761 spatbae
678 1678 758 1744 tubo
783 1677 890 1744 albido
915 1677 1053 1761 oblongo
1079 1678 1135 1743 vir
1160 1679 1284 1746 tumido
1305 1681 1339 1746 in
1361 1682 1520 1749 laminam

238 1770 386 1833 saturate
413 1784 616 1852 purpuream
645 1765 723 1832 tubo
741 1767 989 1850 subaquilatam
1012 1785 1117 1851 eoque
1143 1767 1317 1852 quintuplo
1335 1770 1518 1852 longiorem

237 1853 571 1922 lineari-lorilormcm
598 1856 815 1922 acuminatam
840 1855 962 1923 sensim
988 1854 1140 1934 abeunte,
1164 1856 1305 1940 spadicis
1332 1861 1521 1942 appendice

236 1945 415 2025 gracillimi
431 1945 609 2028 cylindrici
627 1945 744 2028 spatii
762 1944 979 2012 subbreviore
992 1945 1083 2027 epioe
1101 1949 1282 2026 attenuati,
1301 1947 1520 2014 infloresoen·

132 2083 133 2088 ,
236 2033 282 2097 tia
301 2033 759 2118 lemineigloboso-depressd
772 2053 789 2098 a
804 2034 949 2099 mascula
966 2037 1005 2100 ei
1021 2033 1186 2116 subduplo
1204 2035 1348 2117 longiore
1366 2037 1525 2103 breviter

236 2121 418 2204 cylindrict
443 2123 618 2188 intervallo
645 2124 684 2189 ei
708 2121 924 2190 subbreviore
941 2123 1100 2206 sejuncti,
1119 2123 1317 2205 genitalibus
1341 2125 1521 2193 sterilibus

235 2213 349 2294 paucis
366 2211 528 2279 subulatis
543 2211 631 2277 inter
644 2212 738 2278 binas
757 2211 1016 2278 inllorescentias
1034 2213 1159 2294 sparsis
1177 2217 1222 2282 11.

269 2325 346 2380 Hab.
361 2325 393 2380 in
406 2323 492 2394 Syrie
505 2323 694 2379 meridionali
709 2325 773 2379 loeo
787 2339 847 2380 non
860 2325 962 2378 notato
977 2322 1017 2391 (J.
1030 2323 1066 2379 D.
1081 2322 1192 2394 Hook.)
1206 2324 1248 2380 Fi.
1263 2325 1332 2381 Dec.

269 2422 370 2478 Tuber
383 2419 508 2491 magnit.
523 2418 583 2476 Sol.
605 2419 730 2476 τιιὸενοεὲ
742 2421 836 2492 parvi,
849 2419 921 2475 lolia
939 2434 1008 2474 curn
1022 2420 1134 2490 petiole
1154 2419 1205 2476 8-9
1218 2419 1374 2492 polliceria
1398 2422 1520 2478 lamina

233 2495 295 2550 fere
308 2491 548 2564 sesquipollicem
561 2491 630 2564 lata,
644 2491 750 2564 spatha
764 2507 817 2547 sex
830 2492 951 2562 pollices
969 2489 1058 2572 longa
1081 2489 1194 2546 lamina
1216 2507 1269 2547 sex
1289 2491 1384 2548 lineas
1398 2494 1520 2550 circiter

232 2567 303 2622 lata.
319 2564 401 2619 Inter
414 2577 578 2632 congenera
592 2563 756 2618 Orientalia
770 2563 845 2618 Sect.
856 2561 973 2618 laciori
986 2561 1065 2617 iobis
1077 2562 1212 2634 angustis
1225 2563 1254 2618 in
1264 2563 1409 2634 petiolum
1423 2563 1520 2637 longe

232 2635 400 2707 angustatis
415 2637 445 2688 et
457 2634 585 2706 spadiois
598 2634 671 2690 tubo
683 2637 841 2704 angustato
856 2634 981 2705 insigne.

275 2798 306 2862 8.
336 2795 378 2860 Β.
406 2792 727 2862 Russellanum
754 2792 882 2879 (Schott
905 2793 1021 2859 Prodr.
1046 2791 1103 2879 63)
1131 2793 1249 2859 tubere
1275 2793 1409 2874 globoso
1434 2797 1517 2864 lolia

233 2886 331 2950 90-30
347 2887 498 2967 elongata
525 2888 663 2965 anguste
689 2883 825 2948 linearia
849 2881 1015 2950 interdum
1032 2882 1173 2949 obverse
1192 2882 1370 2950 lanceolata
1391 2885 1517 2953 obtusa

230 2975 359 3041 inferno
377 2977 471 3055 longe
488 2977 654 3038 attenuate
671 2972 785 3052 glauca
805 2973 933 3052 edente,
951 2971 1135 3054 pedunculo
1149 2972 1211 3038 sub
1232 2971 1361 3038 antbesi
1375 2979 1516 3040 exserto

230 3064 355 3147 spathae
373 3063 452 3129 tubo
470 3061 664 3144 aequilongo‚
681 3061 893 3144 spathaelubo
914 3059 1165 3142 ovato-oblongo
1182 3060 1223 3125 ad
1239 3061 1385 3126 medium
1403 3081 1518 3147 usque

229 3157 365 3218 connato
386 3151 507 3217 lamini
524 3149 856 3231 oblongo-lanceolata
880 3149 968 3215 intus
987 3152 1229 3232 atropurpurei
1253 3152 1272 3214 i
1296 3149 1406 3232 ¹l2·plo
1432 3151 1515 3218 bre-

229 3242 333 3320 viore,
353 3241 495 3324 spadicis
515 3240 695 3322 appendice
713 3238 828 3322 spatbi
844 3238 1061 3305 subbreviorc
1088 3239 1307 3305 crassiuscule
1324 3240 1515 3320 cylindriczi

228 3331 385 3413 utrinque
405 3329 573 3396 attenuati
597 3330 849 3410 atropurpurei‚
869 3327 1113 3393 inflorescentia
1140 3328 1280 3394 feminei
1305 3327 1513 3411 hemisphae-

227 3419 294 3485 rici
312 3438 410 3502 quam
428 3419 572 3484 mascula
586 3417 732 3483 breviter
749 3416 926 3498 cylindrlca
943 3416 1096 3483 breviore
1114 3416 1155 3481 ab
1172 3419 1210 3481 ed
1226 3417 1401 3482 intervallo
1417 3437 1513 3484 mas·

228 3509 302 3574 culi
328 3507 425 3591 triplo
454 3507 602 3589 longiore
627 3507 784 3588 sejuncti,
801 3506 998 3587 genitalibus
1026 3504 1186 3570 abortivis
1213 3506 1343 3575 tertiam
1373 3512 1515 3587 partem-

227 3596 393 3663 intervalli
410 3596 646 3678 occupantibus
666 3595 828 3678 congestis
842 3593 1048 3660 fililormibus
1070 3594 1174 3677 longis
1200 3603 1244 3668 it.
1260 3591 1368 3658 Arum
1385 3592 1509 3676 Syrio·

225 3701 302 3749 omn
320 3685 418 3751 Russ.
443 3686 562 3769 Alepp.
581 3683 622 3750 II.
643 3685 718 3749 161.
744 3683 818 3766 Spr.
840 3682 926 3765 Syst.
947 3682 1005 3750 Ill.
1027 3685 1100 3748 768.
1125 3718 1168 3731 -
1195 3681 1294 3748 Prob.
1318 3679 1509 3748 Ariourum

225 3773 369 3840 Homoid
384 3774 497 3841 Rauw.
518 3773 601 3841 Hod.
622 3772 648 3838 Ι.
675 3774 735 3837 115
753 3779 785 3839 et
800 3771 1039 3838 loebllomcid
1053 3771 1125 3839 Sch.
1148 3771 1265 3837 Prodr.
1286 3772 1341 3836 70.

223 3923 338 4064 (01111111).
352 3924 478 4052 iffffiis
485 3923 631 4050 tpalcareis
645 3921 683 3978 ad
696 3921 812 3994 Aleppo
826 3921 921 3993 Syriae
936 3921 1072 3992 (Haussk
1082 3922 1199 3994 l),[inter
1211 3921 1330 3992 Aleppo
1340 3921 1370 3975 et
1382 3919 1509 3978 Mossui

276 4012 307 4052 iv
342 4035 347 4047 .
399 4039 405 4051 .
450 4011 482 4050 ar

258 4091 345 4148 Folia
355 4093 405 4147 vel
416 4091 482 4148 7-10
495 4089 617 4163 pollices
640 4089 689 4145 lon
750 4087 1042 4158 1¹72-ittnees1ata
1064 4089 1114 4145 vel
1134 4088 1272 4144 breviora
1292 4101 1421 4160 superne
1446 4087 1511 4144 3·5

222 4163 317 4219 lineas
337 4163 406 4218 lata.
420 4163 498 4218 Inter
521 4166 678 4233 utramque
706 4175 820 4216 ormam
834 4161 1010 4216 intermedie
1023 4161 1141 4215 adsunt.
1164 4158 1278 4232 Spatba
1297 4158 1349 4214 6-7
1371 4157 1508 4230 pollices

220 4233 321 4306 longa.
334 4234 452 4307 Species
464 4233 543 4290 foliis
557 4232 807 4289 numerosissimis
820 4233 952 4303 angustis
967 4232 1105 4302 insignis.

266 4403 299 4468 9.
324 4400 367 4468 Β.
389 4397 747 4468 Alexandrinum
767 4395 889 4485 (Boias.
908 4397 1025 4479 Diagn.
1052 4395 1121 4462 Ser.
1149 4394 1174 4477 i,
1198 4395 1236 4460 13
1265 4413 1297 4476 p.
1319 4395 1351 4478 6)
1375 4393 1505 4460 tubere

217 4495 316 4558 ovato
344 4489 417 4558 lolia
441 4508 544 4575 pauca
571 4479 708 4556 linearia
730 4489 782 4554 vel
810 4485 1123 4555 lineari-lanceolata
1153 4485 1187 4550 in
1213 4483 1372 4568 petiolum
1397 4483 1508 4566 longe
