3218 5124
144 314 331 391 ,AEiuropuc
712 331 883 374 ceruinam
1379 318 1436 382 595

148 440 272 496 interior
292 441 331 496 ad
357 439 584 496 Alexandriaml
606 441 766 498 Kahiraml
791 442 830 498 ad
859 456 941 499 mare
963 441 1102 497 Rubrum
1113 444 1129 506 l,
1148 439 1277 496 Ossibus
1300 441 1433 510 (Wiesli

133 510 273 568 Kralikt
289 511 430 568 Ascbersl
446 515 498 568 etc.
504 514 522 580 l,
535 511 705 594 babylonia
719 514 796 583 (Noe'
805 517 835 583 l),
854 512 1089 569 Transcaucasia
1102 511 1141 568 ad
1157 510 1302 595 Caspium
1323 513 1425 641 (Oppi,

147 581 193 638 Ml
208 583 315 654 Hohl),
328 583 723 641 Persiaboreal1·orientalis
736 586 773 642 ad
785 584 940 641 Schahrud
956 584 1060 655 (Bgel)
1074 587 1103 639 et
1124 583 1265 639 australis
1287 583 1375 656 ad2A
1399 601 1430 645 u·

131 689 134 692 -
147 651 211 709 chir
226 655 399 726 (Hausskl),
411 654 573 726 Alighania
589 655 710 712 inferior
723 656 815 726 (Griff
824 660 853 728 l),
866 656 1041 712 Belutsenia
1054 653 1174 726 (Slocks
1187 655 1214 725 lJ.

185 750 302 806 Formis
316 750 505 807 intermediis
518 751 557 806 ad
569 751 699 808 formam
713 752 847 826 typicam
859 751 975 809 transit.

183 850 230 904 dr.
245 849 345 920 (iacgr.
370 848 526 922 Hispania,
547 849 645 905 Gallia
666 849 818 922 australis,
843 849 938 920 Italia,
956 847 1118 918 Dalmatia,
1144 847 1254 904 Rossia
1281 850 1430 924 australis,

147 919 300 1064 ῗὲοιὲςὶἓὲα,
328 919 427 976 Africa
452 919 581 976 borealis
607 923 636 976 et
657 922 788 978 varietas
812 919 831 994 β
855 922 888 978 in
911 919 1010 976 Africa
1034 918 1158 990 boreali,
1184 919 1295 991 Nubit,
1317 921 1430 982 arabia

193 1175 223 1239 i.
249 1175 310 1241 AE.
340 1177 636 1242 mucronatus
667 1173 798 1260 (rarsi.
832 1173 888 1256 Eg.
922 1173 1020 1238 Arab.
1049 1191 1079 1254 p.
1107 1172 1151 1236 ii
1182 1170 1245 1238 sub
1273 1169 1429 1262 aalma)

136 1264 315 1346 perennis.
341 1262 526 1330 stolonibus
551 1264 742 1346 longissime
770 1264 966 1350 repentibus
986 1261 1026 1326 ad
1053 1262 1188 1345 vaginas
1215 1262 1341 1343 amplas
1366 1263 1431 1334 lale

146 1350 344 1419 lanceolatas
376 1352 537 1420 coriaceas
564 1353 807 1434 ramosissimis
837 1352 940 1419 ramis
974 1351 1093 1417 erectis
1123 1348 1282 1417 brevibus
1309 1352 1429 1422 crebre

146 1440 281 1522 foliosis,
295 1442 380 1508 foliis
392 1442 516 1523 glaucis
527 1441 750 1508 multinerviis
767 1439 1284 1525 pruinoso-birtellispatentibus
1295 1438 1428 1508 lineari·

145 1529 334 1597 lanceolalis
353 1530 468 1612 rigidis
485 1531 591 1613 planis
612 1549 757 1614 superne
775 1529 1024 1598 subeonvolutis
1043 1533 1076 1594 el
1092 1531 1125 1594 in
1146 1528 1318 1610 cuspidem
1339 1548 1423 1614 pun·

144 1624 275 1702 gentem
297 1621 391 1701 longe
413 1621 602 1703 attenuatis,
622 1621 780 1703 paniculae
800 1624 976 1704 compactae
994 1618 1248 1701 ovato-globosae
1266 1617 1429 1690 fasciculis

144 1708 329 1790 sessilibus‚
343 1707 482 1793 spiculis
500 1709 667 1776 bii-floris
685 1710 802 1793 oratis,
820 1710 943 1793 glumis
967 1707 1117 1774 concavis
1135 1707 1427 1791 ovato-triangula·

144 1795 240 1863 ribus
265 1799 379 1875 acutis,
408 1798 563 1879 glumelle
592 1802 733 1864 concavi
763 1799 861 1865 dorso
894 1797 1047 1864 elevatim
1080 1796 1273 1863 multinervi
1298 1795 1429 1868 hirsuti

144 1885 241 1968 longe
266 1888 372 1953 cilicia
399 1886 651 1968 ovato-oblongi
669 1904 709 1953 ex
727 1888 819 1969 apice
839 1886 1286 1967 mambranaceo-marginata
1311 1887 1428 1956 obtuso

144 1974 292 2042 brevitor
323 1981 355 2043 et
384 1977 525 2060 abrupte
558 1978 750 2043 mucronata
791 1978 838 2049 bt.
873 1976 928 2042 AE.
960 1977 1177 2040 muerouolus
1206 1974 1362 2041 Ascbers.
1393 1975 1429 2044 iu

146 2059 322 2131 Schweinf.
341 2064 443 2131 Beiir.
470 2085 500 2148 p.
520 2067 594 2131 iel.
612 2101 657 2114 -
672 2065 728 2132 AE.
746 2063 961 2148 bombycinus
979 2063 1047 2148 Fig.
1068 2067 1101 2130 et
1118 2062 1193 2131 Not.
1212 2083 1254 2132 ex
1271 2063 1427 2150 descript.

148 2188 189 2201 -
205 2151 573 2222 [benedictissima
592 2154 621 2219 N
624 2172 686 2221 orn.
705 2173 746 2220 ex
764 2159 867 2238 parte.

144 2265 259 2408 25{12an
272 2268 305 2322 in
316 2267 415 2323 littore
428 2266 608 2339 AEgyptiaeo
623 2269 716 2333 maris
728 2267 823 2324 Rubri
835 2267 913 2323 inter
927 2263 1051 2322 Kosseir
1066 2267 1095 2322 et
1111 2265 1171 2322 Ras
1186 2264 1300 2322 Benass
1316 2266 1430 2336 (Schtv

179 2434 298 2492 Surculi
311 2451 389 2508 saepe
404 2435 605 2509 pluripedales
627 2437 760 2510 capitula
771 2435 978 2508 magnitudine
989 2435 1068 2491 inter
1083 2435 1186 2492 Pisum
1206 2423 1236 2492 et
1250 2436 1429 2500 Avellanam

141 2506 250 2562 media.
266 2513 314 2564 An
333 2509 405 2563 satis
427 2523 446 2562 a
465 2507 567 2563 formis
581 2479 634 2564 ΛΕ
649 2507 789 2566 littoralis
812 2507 947 2579 specifice
961 2507 1105 2564 diversa?
1120 2507 1207 2563 Folia
1220 2507 1264 2563 eis
1278 2507 1330 2564 AE.
1349 2508 1426 2568 litto·

144 2575 219 2634 ralis
232 2593 295 2634 var.
309 2578 437 2652 repentis
451 2578 588 2705 longiora
600 2579 693 2706 plana
713 2581 887 2652 pungentia,
894 2581 1013 2649 vaginae
1023 2578 1174 2635 stolonum
1184 2578 1429 2648 longissimorum

143 2649 316 2732 ampliores,
330 2650 441 2721 glumas
456 2653 513 2721 etg
530 2665 599 2706 ume
613 2650 644 2706 la
658 2651 777 2708 inferior
788 2649 908 2721 longius
923 2650 1030 2706 ciliatae
1048 2650 1200 2736 breviorgrs
1223 2650 1345 2707 latiores
1368 2651 1426 2733 ele·
1474 2689 1479 2698 ,

126 2719 1427 2876 .utenturdifficultatibusfitfttttafbtlili

142 2863 255 2918 Arabia
267 2863 347 2920 felici
361 2867 406 2920 est
420 2865 506 2920 tertia
520 2864 633 2936 species
651 2864 734 2920 foliis
746 2865 885 2920 confertis
899 2865 1088 2920 brevissimis
1102 2861 1272 2920 convolutis
1287 2879 1424 2937 pungen-

140 2933 223 3018 tibus
239 2936 355 3018 crassis,
369 2934 450 3061 sgicd
464 2935 603 3006 oblonga,
615 2936 746 3018 flosculis
758 2935 856 2992 laxius
872 2935 1038 2991 imbricatis
1052 2933 1170 2991 villosis
1180 2936 1422 2994 lineari-lanceo-

141 3003 212 3062 latis
225 3006 341 3062 obtusis
361 3022 378 3062 o
402 3009 469 3062 tuse
483 3007 708 3063 mucronulatrs.

178 3101 227 3156 dr.
243 3101 344 3172 lieogr.
363 3101 472 3174 Nubia,
491 3101 603 3159 Arabia
620 3102 742 3176 tropica.

563 3360 748 3438 offitiis
774 3363 821 3458 (L.
843 3363 917 3438 Gen.
943 3360 1012 3455 86).

186 3587 327 3672 Spiculae
354 3588 503 3657 breviter
523 3590 726 3673 pedieellatae
753 3590 919 3658 biferae
942 3591 1051 3658 rarius
1076 3592 1266 3659 eto-borae
1284 3612 1303 3658 a
1322 3593 1428 3666 latero

126 3695 340 3761 compressae
357 3678 529 3746 confertim
549 3679 745 3747 fasciculatae
760 3680 923 3748 fasciculis
943 3681 978 3747 in
995 3679 1180 3765 paniculam
1197 3681 1427 3755 unitateralem

141 3766 322 3850 dispositis.
343 3768 459 3836 Floras
476 3767 735 3852 hermaphroditi
754 3787 933 3853 supremus
950 3770 1133 3848 tabescens,
1147 3770 1257 3836 rachis
1275 3789 1341 3837 non
1363 3771 1426 3840 fra·

139 3857 226 3938 gilis.
244 3854 370 3924 Glumae
387 3856 909 3943 binaeinaequalesinaequilaterae
927 3859 1082 3926 carinatis
1101 3859 1284 3926 uninerviae
1297 3877 1425 3929 mucro·

141 3951 226 4013 natae
250 3945 397 4012 flosculis
414 3946 597 4013 breviores.
615 3947 777 4016 Glumella
805 3949 949 4016 carinata
970 3948 1236 4032 quinquenervis
1262 3967 1303 4016 ex
1331 3950 1424 4032 apios

140 4033 269 4117 integro
301 4035 351 4102 vel
377 4036 578 4117 emarginato
605 4037 960 4112 mucronatoaristata,
985 4036 1077 4121 palea
1109 4037 1217 4104 minor
1246 4038 1428 4110 bicarinela

138 4121 241 4190 bifida
266 4123 307 4189 ad
330 4125 459 4191 carinas
486 4124 636 4193 ciliolata.
657 4126 847 4210 squamulae
871 4125 957 4192 binae
972 4142 1120 4193 carnosae
1144 4126 1271 4193 bilobae.
1290 4127 1376 4210 Styli
1404 4129 1424 4198 2

140 4211 262 4280 breves
273 4213 473 4292 terminales,
486 4214 636 4296 stigmata
653 4216 803 4299 plumosa
820 4216 999 4283 lateraliter
1015 4216 1226 4298 emergentia.
1247 4215 1426 4302 Caryopsis

127 4301 281 4386 oblonga
303 4303 482 4370 lateraliter
507 4304 761 4388 subcompressu
788 4304 914 4388 trigona
941 4309 1059 4372 ventre
1075 4305 1198 4372 sulcata
1217 4310 1250 4372 et
1269 4306 1311 4374 ad
1327 4305 1423 4378 basin

139 4393 267 4458 maeuii
285 4392 383 4458 hilari
400 4393 610 4476 punctiformi
629 4397 740 4460 notata
757 4390 869 4477 glabra
885 4394 1040 4478 glumelld
1056 4397 1089 4460 et
1104 4393 1198 4480 palei
1214 4393 1341 4464 inclusa
1362 4396 1423 4469 sed

130 4477 255 4548 libera.
280 4516 321 4530 -
336 4480 456 4549 Herbe
471 4499 645 4566 perennes.
