<?xml version="1.0" encoding="UTF-8"?>
<!DOCTYPE html PUBLIC "-//W3C//DTD XHTML 1.0 Transitional//EN"
    "http://www.w3.org/TR/xhtml1/DTD/xhtml1-transitional.dtd">
<html xmlns="http://www.w3.org/1999/xhtml" xml:lang="en" lang="en">
 <head>
  <title>
</title>
<meta http-equiv="Content-Type" content="text/html;charset=utf-8" />
  <meta name='ocr-system' content='tesseract 3.04.00' />
  <meta name='ocr-capabilities' content='ocr_page ocr_carea ocr_par ocr_line ocrx_word'/>
</head>
<body>
  <div class='ocr_page' id='page_1' title='image "./floraorientalis03boisgoog_0420.png"; bbox 0 0 3262 5114; ppageno 0'>
   <div class='ocr_carea' id='block_1_1' title="bbox 158 363 1449 424">
    <p class='ocr_par' dir='ltr' id='par_1_1' title="bbox 158 363 1449 424">
     <span class='ocr_line' id='line_1_1' title="bbox 158 363 1449 424; baseline 0 -2"><span class='ocrx_word' id='word_1_1' title='bbox 158 364 215 423; x_wconf 78' lang='lat' dir='ltr'><strong>tra</strong></span> <span class='ocrx_word' id='word_1_2' title='bbox 707 378 895 422; x_wconf 72' lang='lat' dir='ltr'><strong>Crenaccam</strong></span> <span class='ocrx_word' id='word_1_3' title='bbox 1324 363 1449 424; x_wconf 74' lang='lat' dir='ltr'><strong>Caram.</strong></span> 
     </span>
    </p>
   </div>
   <div class='ocr_carea' id='block_1_2' title="bbox 157 487 1454 824">
    <p class='ocr_par' dir='ltr' id='par_1_2' title="bbox 157 487 1454 824">
     <span class='ocr_line' id='line_1_2' title="bbox 157 487 1449 574; baseline 0 -18"><span class='ocrx_word' id='word_1_4' title='bbox 157 489 248 556; x_wconf 92' lang='lat' dir='ltr'><strong>tibus</strong></span> <span class='ocrx_word' id='word_1_5' title='bbox 264 487 423 555; x_wconf 86' lang='lat' dir='ltr'><strong>brunneis</strong></span> <span class='ocrx_word' id='word_1_6' title='bbox 441 503 542 553; x_wconf 81' lang='lat' dir='ltr'><strong>nervo</strong></span> <span class='ocrx_word' id='word_1_7' title='bbox 560 487 668 568; x_wconf 81' lang='lat' dir='ltr'><strong>viridi,</strong></span> <span class='ocrx_word' id='word_1_8' title='bbox 685 490 892 573; x_wconf 75' lang='lat' dir='ltr'><strong>stigmatibus</strong></span> <span class='ocrx_word' id='word_1_9' title='bbox 910 487 1027 568; x_wconf 85' lang='lat' dir='ltr'><strong>tribus,</strong></span> <span class='ocrx_word' id='word_1_10' title='bbox 1045 487 1197 556; x_wconf 88' lang='lat' dir='ltr'><strong>utriculis</strong></span> <span class='ocrx_word' id='word_1_11' title='bbox 1216 491 1328 574; x_wconf 81' lang='lat' dir='ltr'><strong>parvis</strong></span> <span class='ocrx_word' id='word_1_12' title='bbox 1355 491 1449 574; x_wconf 78' lang='lat' dir='ltr'><strong>pyri·</strong></span> 
     </span>
     <span class='ocr_line' id='line_1_3' title="bbox 158 576 1454 663; baseline 0 -18"><span class='ocrx_word' id='word_1_13' title='bbox 158 576 414 660; x_wconf 80' lang='lat' dir='ltr'><strong>sormi-globosis</strong></span> <span class='ocrx_word' id='word_1_14' title='bbox 441 576 698 660; x_wconf 72' lang='lat' dir='ltr'><strong>pubescentibus</strong></span> <span class='ocrx_word' id='word_1_15' title='bbox 718 577 1067 663; x_wconf 88' lang='lat' dir='ltr'><strong>spongioso-stipitatis</strong></span> <span class='ocrx_word' id='word_1_16' title='bbox 1091 579 1236 646; x_wconf 86' lang='lat' dir='ltr'><strong>enerriis</strong></span> <span class='ocrx_word' id='word_1_17' title='bbox 1261 579 1295 644; x_wconf 95' lang='lat' dir='ltr'><strong>in</strong></span> <span class='ocrx_word' id='word_1_18' title='bbox 1326 579 1454 647; x_wconf 82' lang='lat' dir='ltr'><strong>mutel--</strong></span> 
     </span>
     <span class='ocr_line' id='line_1_4' title="bbox 158 665 1445 748; baseline 0.001 -14"><span class='ocrx_word' id='word_1_19' title='bbox 158 669 226 734; x_wconf 94' lang='lat' dir='ltr'><strong>lum</strong></span> <span class='ocrx_word' id='word_1_20' title='bbox 251 667 492 748; x_wconf 89' lang='lat' dir='ltr'><strong>longiusculum</strong></span> <span class='ocrx_word' id='word_1_21' title='bbox 519 671 670 732; x_wconf 92' lang='lat' dir='ltr'><strong>retusum</strong></span> <span class='ocrx_word' id='word_1_22' title='bbox 702 668 878 735; x_wconf 88' lang='lat' dir='ltr'><strong>contractis</strong></span> <span class='ocrx_word' id='word_1_23' title='bbox 911 669 956 740; x_wconf 59' lang='grc' dir='ltr'><strong>ῆι.</strong></span> <span class='ocrx_word' id='word_1_24' title='bbox 980 665 1070 746; x_wconf 82' lang='lat' dir='ltr'><strong>Engl.</strong></span> <span class='ocrx_word' id='word_1_25' title='bbox 1096 667 1168 734; x_wconf 92' lang='lat' dir='ltr'><strong>Bot.</strong></span> <span class='ocrx_word' id='word_1_26' title='bbox 1197 667 1265 735; x_wconf 88' lang='lat' dir='ltr'><strong>tab.</strong></span> <span class='ocrx_word' id='word_1_27' title='bbox 1295 669 1374 735; x_wconf 77' lang='lat'><strong>885.</strong></span> <span class='ocrx_word' id='word_1_28' title='bbox 1400 705 1445 718; x_wconf 88' lang='lat'>-</span> 
     </span>
     <span class='ocr_line' id='line_1_5' title="bbox 160 754 913 824; baseline -0.005 0"><span class='ocrx_word' id='word_1_29' title='bbox 160 758 256 824; x_wconf 90' lang='lat' dir='ltr'><strong>Boott</strong></span> <span class='ocrx_word' id='word_1_30' title='bbox 275 754 338 822; x_wconf 92' lang='lat' dir='ltr'><strong>tab.</strong></span> <span class='ocrx_word' id='word_1_31' title='bbox 353 755 429 822; x_wconf 69' lang='lat'><strong>288.</strong></span> <span class='ocrx_word' id='word_1_32' title='bbox 450 791 489 802; x_wconf 92' lang='lat'><strong>—-</strong></span> <span class='ocrx_word' id='word_1_33' title='bbox 508 755 610 822; x_wconf 87' lang='lat' dir='ltr'><strong>Rchb.</strong></span> <span class='ocrx_word' id='word_1_34' title='bbox 625 754 734 822; x_wconf 83' lang='lat' dir='ltr'>Germ.</span> <span class='ocrx_word' id='word_1_35' title='bbox 755 757 817 823; x_wconf 90' lang='lat' dir='ltr'><strong>tab.</strong></span> <span class='ocrx_word' id='word_1_36' title='bbox 838 758 913 823; x_wconf 68' lang='lat'><strong>260.</strong></span> 
     </span>
    </p>
   </div>
   <div class='ocr_carea' id='block_1_3' title="bbox 196 865 1388 939">
    <p class='ocr_par' dir='ltr' id='par_1_3' title="bbox 196 865 1388 939">
     <span class='ocr_line' id='line_1_6' title="bbox 196 865 1388 939; baseline -0.002 -15"><span class='ocrx_word' id='word_1_37' title='bbox 196 867 272 924; x_wconf 88' lang='lat' dir='ltr'><strong>Hah.</strong></span> <span class='ocrx_word' id='word_1_38' title='bbox 288 868 319 923; x_wconf 92' lang='lat' dir='ltr'><strong>in</strong></span> <span class='ocrx_word' id='word_1_39' title='bbox 336 865 499 938; x_wconf 88' lang='lat' dir='ltr'><strong>sylvaticis,</strong></span> <span class='ocrx_word' id='word_1_40' title='bbox 509 867 585 923; x_wconf 88' lang='lat' dir='ltr'><strong>circa</strong></span> <span class='ocrx_word' id='word_1_41' title='bbox 603 867 783 939; x_wconf 79' lang='lat' dir='ltr'><strong>Byzantium</strong></span> <span class='ocrx_word' id='word_1_42' title='bbox 794 867 904 937; x_wconf 79' lang='lat' dir='ltr'><strong>(Smilla</strong></span> <span class='ocrx_word' id='word_1_43' title='bbox 918 865 1042 937; x_wconf 67' lang='lat' dir='ltr'><strong>Prodat.</strong></span> <span class='ocrx_word' id='word_1_44' title='bbox 1057 865 1089 922; x_wconf 80' lang='lat' dir='ltr'><strong>E.</strong></span> <span class='ocrx_word' id='word_1_45' title='bbox 1105 865 1219 923; x_wconf 84' lang='lat' dir='ltr'><strong>ditione</strong></span> <span class='ocrx_word' id='word_1_46' title='bbox 1236 882 1296 923; x_wconf 92' lang='lat' dir='ltr'><strong>non</strong></span> <span class='ocrx_word' id='word_1_47' title='bbox 1313 866 1388 923; x_wconf 87' lang='lat' dir='ltr'><strong>vidi.</strong></span> 
     </span>
    </p>
   </div>
   <div class='ocr_carea' id='block_1_4' title="bbox 158 963 1443 1095">
    <p class='ocr_par' dir='ltr' id='par_1_4' title="bbox 158 963 1443 1095">
     <span class='ocr_line' id='line_1_7' title="bbox 197 963 1443 1091; baseline -0.001 -68"><span class='ocrx_word' id='word_1_48' title='bbox 197 968 243 1023; x_wconf 73' lang='lat' dir='ltr'><strong>Ar.</strong></span> <span class='ocrx_word' id='word_1_49' title='bbox 257 967 357 1035; x_wconf 78' lang='lat' dir='ltr'><strong>ltacgt.</strong></span> <span class='ocrx_word' id='word_1_50' title='bbox 372 963 490 1091; x_wconf 57' lang='lat' dir='ltr'><strong>Europa</strong></span> <span class='ocrx_word' id='word_1_51' title='bbox 505 963 637 1022; x_wconf 90' lang='lat' dir='ltr'><strong>borealis</strong></span> <span class='ocrx_word' id='word_1_52' title='bbox 648 969 677 1021; x_wconf 86' lang='lat' dir='ltr'><strong>et</strong></span> <span class='ocrx_word' id='word_1_53' title='bbox 691 965 791 1022; x_wconf 88' lang='lat' dir='ltr'><strong>media</strong></span> <span class='ocrx_word' id='word_1_54' title='bbox 806 981 824 1022; x_wconf 87' lang='lat' dir='ltr'><strong>a</strong></span> <span class='ocrx_word' id='word_1_55' title='bbox 842 964 998 1022; x_wconf 84' lang='lat' dir='ltr'><strong>Britannia</strong></span> <span class='ocrx_word' id='word_1_56' title='bbox 1010 967 1039 1020; x_wconf 86' lang='lat' dir='ltr'><strong>et</strong></span> <span class='ocrx_word' id='word_1_57' title='bbox 1060 963 1263 1022; x_wconf 77' lang='lat' dir='ltr'><strong>Scandinavia</strong></span> <span class='ocrx_word' id='word_1_58' title='bbox 1276 965 1313 1020; x_wconf 89' lang='lat' dir='ltr'><strong>ad</strong></span> <span class='ocrx_word' id='word_1_59' title='bbox 1329 965 1443 1039; x_wconf 87' lang='lat' dir='ltr'><strong>Hispa-</strong></span> 
     </span>
     <span class='ocr_line' id='line_1_8' title="bbox 158 1035 764 1095; baseline -0.003 -1"><span class='ocrx_word' id='word_1_60' title='bbox 158 1039 240 1095; x_wconf 87' lang='lat' dir='ltr'><strong>niam</strong></span> <span class='ocrx_word' id='word_1_61' title='bbox 253 1035 404 1093; x_wconf 80' lang='lat' dir='ltr'>borealem</span> <span class='ocrx_word' id='word_1_62' title='bbox 417 1041 445 1092; x_wconf 89' lang='lat' dir='ltr'><strong>et</strong></span> <span class='ocrx_word' id='word_1_63' title='bbox 475 1037 577 1092; x_wconf 85' lang='lat' dir='ltr'><strong>taliam</strong></span> <span class='ocrx_word' id='word_1_64' title='bbox 590 1035 764 1092; x_wconf 88' lang='lat' dir='ltr'><strong>centralem.</strong></span> 
     </span>
    </p>
   </div>
   <div class='ocr_carea' id='block_1_5' title="bbox 159 1199 1456 1995">
    <p class='ocr_par' dir='ltr' id='par_1_5' title="bbox 159 1199 1456 1995">
     <span class='ocr_line' id='line_1_9' title="bbox 205 1199 1448 1286; baseline 0.002 -18"><span class='ocrx_word' id='word_1_65' title='bbox 205 1203 256 1268; x_wconf 83' lang='lat' dir='ltr'><strong>ta.</strong></span> <span class='ocrx_word' id='word_1_66' title='bbox 286 1201 328 1270; x_wconf 81' lang='lat' dir='ltr'><strong>C.</strong></span> <span class='ocrx_word' id='word_1_67' title='bbox 345 1204 565 1268; x_wconf 86' lang='lat' dir='ltr'><strong>montana</strong></span> <span class='ocrx_word' id='word_1_68' title='bbox 581 1199 633 1286; x_wconf 72' lang='lat' dir='ltr'><strong>lt.</strong></span> <span class='ocrx_word' id='word_1_69' title='bbox 652 1201 699 1266; x_wconf 70' lang='lat' dir='ltr'><strong>lit.</strong></span> <span class='ocrx_word' id='word_1_70' title='bbox 719 1199 816 1267; x_wconf 87' lang='lat' dir='ltr'><strong>Suae.</strong></span> <span class='ocrx_word' id='word_1_71' title='bbox 838 1200 895 1265; x_wconf 83' lang='lat' dir='ltr'><strong>Ed.</strong></span> <span class='ocrx_word' id='word_1_72' title='bbox 918 1199 960 1279; x_wconf 87' lang='lat' dir='ltr'><strong>ll,</strong></span> <span class='ocrx_word' id='word_1_73' title='bbox 984 1219 1013 1283; x_wconf 95' lang='lat' dir='ltr'><strong>p.</strong></span> <span class='ocrx_word' id='word_1_74' title='bbox 1031 1201 1108 1282; x_wconf 73' lang='lat'>328)</span> <span class='ocrx_word' id='word_1_75' title='bbox 1133 1201 1312 1268; x_wconf 80' lang='lat' dir='ltr'><strong>chiromate</strong></span> <span class='ocrx_word' id='word_1_76' title='bbox 1331 1221 1448 1270; x_wconf 88' lang='lat' dir='ltr'><strong>crasso</strong></span> 
     </span>
     <span class='ocr_line' id='line_1_10' title="bbox 159 1289 1444 1374; baseline 0 -16"><span class='ocrx_word' id='word_1_77' title='bbox 159 1293 308 1374; x_wconf 87' lang='lat' dir='ltr'><strong>elongato</strong></span> <span class='ocrx_word' id='word_1_78' title='bbox 325 1290 517 1356; x_wconf 89' lang='lat' dir='ltr'><strong>horizontali</strong></span> <span class='ocrx_word' id='word_1_79' title='bbox 536 1309 666 1356; x_wconf 89' lang='lat' dir='ltr'><strong>ramoso</strong></span> <span class='ocrx_word' id='word_1_80' title='bbox 686 1289 788 1356; x_wconf 89' lang='lat' dir='ltr'><strong>fibras</strong></span> <span class='ocrx_word' id='word_1_81' title='bbox 806 1290 925 1356; x_wconf 83' lang='lat' dir='ltr'><strong>edente</strong></span> <span class='ocrx_word' id='word_1_82' title='bbox 945 1307 1091 1372; x_wconf 80' lang='lat' dir='ltr'><strong>superne</strong></span> <span class='ocrx_word' id='word_1_83' title='bbox 1114 1291 1261 1374; x_wconf 83' lang='lat' dir='ltr'><strong>vestigiis</strong></span> <span class='ocrx_word' id='word_1_84' title='bbox 1288 1291 1444 1358; x_wconf 89' lang='lat' dir='ltr'><strong>loliorum</strong></span> 
     </span>
     <span class='ocr_line' id='line_1_11' title="bbox 161 1377 1446 1464; baseline -0.002 -17"><span class='ocrx_word' id='word_1_85' title='bbox 161 1382 294 1462; x_wconf 83' lang='lat' dir='ltr'><strong>vestito,</strong></span> <span class='ocrx_word' id='word_1_86' title='bbox 310 1381 398 1446; x_wconf 91' lang='lat' dir='ltr'><strong>loliis</strong></span> <span class='ocrx_word' id='word_1_87' title='bbox 417 1379 490 1445; x_wconf 84' lang='lat' dir='ltr'><strong>laete</strong></span> <span class='ocrx_word' id='word_1_88' title='bbox 504 1379 668 1446; x_wconf 88' lang='lat' dir='ltr'><strong>viridibus</strong></span> <span class='ocrx_word' id='word_1_89' title='bbox 689 1380 794 1462; x_wconf 83' lang='lat' dir='ltr'><strong>pinnis</strong></span> <span class='ocrx_word' id='word_1_90' title='bbox 816 1377 974 1446; x_wconf 84' lang='lat' dir='ltr'><strong>flexuosis</strong></span> <span class='ocrx_word' id='word_1_91' title='bbox 996 1379 1145 1446; x_wconf 84' lang='lat' dir='ltr'><strong>breviter</strong></span> <span class='ocrx_word' id='word_1_92' title='bbox 1169 1381 1354 1464; x_wconf 89' lang='lat' dir='ltr'><strong>pubernlis,</strong></span> <span class='ocrx_word' id='word_1_93' title='bbox 1374 1380 1446 1448; x_wconf 89' lang='lat' dir='ltr'><strong>cul-</strong></span> 
     </span>
     <span class='ocr_line' id='line_1_12' title="bbox 161 1467 1446 1554; baseline -0.001 -17"><span class='ocrx_word' id='word_1_94' title='bbox 161 1471 223 1543; x_wconf 89' lang='lat' dir='ltr'><strong>mis</strong></span> <span class='ocrx_word' id='word_1_95' title='bbox 242 1470 420 1553; x_wconf 79' lang='lat' dir='ltr'><strong>gracilibus</strong></span> <span class='ocrx_word' id='word_1_96' title='bbox 440 1469 558 1536; x_wconf 90' lang='lat' dir='ltr'><strong>obtuse</strong></span> <span class='ocrx_word' id='word_1_97' title='bbox 582 1467 755 1554; x_wconf 77' lang='lat' dir='ltr'><strong>triquetris</strong></span> <span class='ocrx_word' id='word_1_98' title='bbox 775 1467 951 1534; x_wconf 88' lang='lat' dir='ltr'><strong>lructileris</strong></span> <span class='ocrx_word' id='word_1_99' title='bbox 962 1467 1138 1552; x_wconf 90' lang='lat' dir='ltr'><strong>inclinatis,</strong></span> <span class='ocrx_word' id='word_1_100' title='bbox 1152 1469 1278 1553; x_wconf 82' lang='lat' dir='ltr'><strong>spicula</strong></span> <span class='ocrx_word' id='word_1_101' title='bbox 1299 1470 1446 1536; x_wconf 75' lang='lat' dir='ltr'><strong>mascula</strong></span> 
     </span>
     <span class='ocr_line' id='line_1_13' title="bbox 160 1556 1456 1642; baseline -0.001 -18"><span class='ocrx_word' id='word_1_102' title='bbox 160 1559 307 1626; x_wconf 80' lang='lat' dir='ltr'><strong>solitaria</strong></span> <span class='ocrx_word' id='word_1_103' title='bbox 336 1557 668 1642; x_wconf 79' lang='lat' dir='ltr'><strong>cylindriroclaratu,</strong></span> <span class='ocrx_word' id='word_1_104' title='bbox 697 1557 848 1624; x_wconf 83' lang='lat' dir='ltr'><strong>femineis</strong></span> <span class='ocrx_word' id='word_1_105' title='bbox 874 1559 928 1622; x_wconf 76' lang='lat' dir='ltr'><strong>l=⁴l</strong></span> <span class='ocrx_word' id='word_1_106' title='bbox 951 1556 1123 1623; x_wconf 87' lang='lat' dir='ltr'><strong>sessilibus</strong></span> <span class='ocrx_word' id='word_1_107' title='bbox 1149 1560 1254 1624; x_wconf 87' lang='lat' dir='ltr'><strong>oratis</strong></span> <span class='ocrx_word' id='word_1_108' title='bbox 1286 1558 1456 1640; x_wconf 75' lang='lat' dir='ltr'><strong>paraclito--</strong></span> 
     </span>
     <span class='ocr_line' id='line_1_14' title="bbox 160 1645 1447 1731; baseline 0 -19"><span class='ocrx_word' id='word_1_109' title='bbox 160 1648 208 1714; x_wconf 92' lang='lat' dir='ltr'><strong>ris</strong></span> <span class='ocrx_word' id='word_1_110' title='bbox 234 1647 328 1714; x_wconf 85' lang='lat' dir='ltr'><strong>valde</strong></span> <span class='ocrx_word' id='word_1_111' title='bbox 355 1647 602 1731; x_wconf 83' lang='lat' dir='ltr'><strong>approximatis,</strong></span> <span class='ocrx_word' id='word_1_112' title='bbox 625 1646 767 1713; x_wconf 80' lang='lat' dir='ltr'><strong>bracteis</strong></span> <span class='ocrx_word' id='word_1_113' title='bbox 794 1645 1053 1713; x_wconf 78' lang='lat' dir='ltr'><strong>membranaceis</strong></span> <span class='ocrx_word' id='word_1_114' title='bbox 1080 1647 1343 1714; x_wconf 80' lang='lat' dir='ltr'><strong>lassescentibus</strong></span> <span class='ocrx_word' id='word_1_115' title='bbox 1367 1647 1447 1712; x_wconf 87' lang='lat' dir='ltr'><strong>latis</strong></span> 
     </span>
     <span class='ocr_line' id='line_1_15' title="bbox 160 1733 1439 1820; baseline 0.001 -18"><span class='ocrx_word' id='word_1_116' title='bbox 160 1736 453 1820; x_wconf 81' lang='lat' dir='ltr'><strong>amplexicaulibus</strong></span> <span class='ocrx_word' id='word_1_117' title='bbox 472 1753 536 1802; x_wconf 94' lang='lat' dir='ltr'><strong>non</strong></span> <span class='ocrx_word' id='word_1_118' title='bbox 555 1734 785 1819; x_wconf 86' lang='lat' dir='ltr'><strong>raginantibus</strong></span> <span class='ocrx_word' id='word_1_119' title='bbox 804 1734 963 1802; x_wconf 83' lang='lat' dir='ltr'><strong>brevibus</strong></span> <span class='ocrx_word' id='word_1_120' title='bbox 982 1733 1131 1818; x_wconf 83' lang='lat' dir='ltr'><strong>oblongis</strong></span> <span class='ocrx_word' id='word_1_121' title='bbox 1155 1737 1346 1820; x_wconf 89' lang='lat' dir='ltr'><strong>aristulatis‚</strong></span> <span class='ocrx_word' id='word_1_122' title='bbox 1370 1736 1439 1818; x_wconf 92' lang='lat' dir='ltr'><strong>glu-</strong></span> 
     </span>
     <span class='ocr_line' id='line_1_16' title="bbox 161 1823 1447 1907; baseline 0.001 -15"><span class='ocrx_word' id='word_1_123' title='bbox 161 1826 224 1892; x_wconf 91' lang='lat' dir='ltr'><strong>mis</strong></span> <span class='ocrx_word' id='word_1_124' title='bbox 240 1825 338 1892; x_wconf 88' lang='lat' dir='ltr'><strong>luscis</strong></span> <span class='ocrx_word' id='word_1_125' title='bbox 362 1824 623 1906; x_wconf 89' lang='lat' dir='ltr'><strong>ovato-oblongis</strong></span> <span class='ocrx_word' id='word_1_126' title='bbox 644 1824 771 1890; x_wconf 92' lang='lat' dir='ltr'><strong>obtusis</strong></span> <span class='ocrx_word' id='word_1_127' title='bbox 790 1824 898 1891; x_wconf 89' lang='lat' dir='ltr'><strong>lructn</strong></span> <span class='ocrx_word' id='word_1_128' title='bbox 921 1823 1205 1902; x_wconf 87' lang='lat' dir='ltr'><strong>subbrerioribus,</strong></span> <span class='ocrx_word' id='word_1_129' title='bbox 1234 1825 1447 1907; x_wconf 85' lang='lat' dir='ltr'><strong>stigmatibus</strong></span> 
     </span>
     <span class='ocr_line' id='line_1_17' title="bbox 161 1913 1441 1995; baseline 0 -15"><span class='ocrx_word' id='word_1_130' title='bbox 161 1913 280 1994; x_wconf 86' lang='lat' dir='ltr'><strong>tribus,</strong></span> <span class='ocrx_word' id='word_1_131' title='bbox 298 1913 448 1980; x_wconf 89' lang='lat' dir='ltr'><strong>utriculis</strong></span> <span class='ocrx_word' id='word_1_132' title='bbox 465 1913 767 1995; x_wconf 80' lang='lat' dir='ltr'><strong>oblongo-obnuntis</strong></span> <span class='ocrx_word' id='word_1_133' title='bbox 788 1913 923 1994; x_wconf 87' lang='lat' dir='ltr'><strong>trigonis</strong></span> <span class='ocrx_word' id='word_1_134' title='bbox 950 1913 1096 1979; x_wconf 78' lang='lat' dir='ltr'><strong>breviter</strong></span> <span class='ocrx_word' id='word_1_135' title='bbox 1112 1920 1145 1981; x_wconf 92' lang='lat' dir='ltr'><strong>et</strong></span> <span class='ocrx_word' id='word_1_136' title='bbox 1161 1915 1354 1980; x_wconf 88' lang='lat' dir='ltr'><strong>attenuatim</strong></span> <span class='ocrx_word' id='word_1_137' title='bbox 1368 1931 1441 1980; x_wconf 91' lang='lat' dir='ltr'><strong>ros·</strong></span> 
     </span>
    </p>
   </div>
   <div class='ocr_carea' id='block_1_6' title="bbox 162 2000 1442 2174">
    <p class='ocr_par' dir='ltr' id='par_1_6' title="bbox 162 2000 1442 2174">
     <span class='ocr_line' id='line_1_18' title="bbox 162 2000 1442 2094; baseline -0.002 -24"><span class='ocrx_word' id='word_1_138' title='bbox 162 2003 259 2070; x_wconf 89' lang='lat' dir='ltr'><strong>tratis</strong></span> <span class='ocrx_word' id='word_1_139' title='bbox 286 2020 343 2068; x_wconf 88' lang='lat' dir='ltr'><strong>ore</strong></span> <span class='ocrx_word' id='word_1_140' title='bbox 368 2004 490 2070; x_wconf 88' lang='lat' dir='ltr'><strong>retusis</strong></span> <span class='ocrx_word' id='word_1_141' title='bbox 514 2003 608 2070; x_wconf 88' lang='lat' dir='ltr'><strong>hirtis</strong></span> <span class='ocrx_word' id='word_1_142' title='bbox 626 2003 774 2070; x_wconf 84' lang='lat' dir='ltr'><strong>narratis</strong></span> <span class='ocrx_word' id='word_1_143' title='bbox 805 2002 932 2068; x_wconf 90' lang='lat' dir='ltr'><strong>inlerne</strong></span> <span class='ocrx_word' id='word_1_144' title='bbox 956 2000 1442 2094; x_wconf 73' lang='lat' dir='ltr'><strong>spongicso-stipitatis2t.1c.</strong></span> 
     </span>
     <span class='ocr_line' id='line_1_19' title="bbox 165 2090 882 2174; baseline -0.003 -16"><span class='ocrx_word' id='word_1_145' title='bbox 165 2091 259 2158; x_wconf 83' lang='lat' dir='ltr'><strong>Sclrk.</strong></span> <span class='ocrx_word' id='word_1_146' title='bbox 280 2092 333 2174; x_wconf 87' lang='lat' dir='ltr'><strong>lig.</strong></span> <span class='ocrx_word' id='word_1_147' title='bbox 356 2093 406 2158; x_wconf 64' lang='lat'><strong>29.</strong></span> <span class='ocrx_word' id='word_1_148' title='bbox 424 2127 465 2140; x_wconf 91' lang='lat'><em>—</em></span> <span class='ocrx_word' id='word_1_149' title='bbox 478 2091 582 2158; x_wconf 89' lang='lat' dir='ltr'><strong>Rchb.</strong></span> <span class='ocrx_word' id='word_1_150' title='bbox 602 2090 712 2157; x_wconf 87' lang='lat' dir='ltr'><strong>Germ.</strong></span> <span class='ocrx_word' id='word_1_151' title='bbox 731 2091 783 2174; x_wconf 88' lang='lat' dir='ltr'><strong>lig.</strong></span> <span class='ocrx_word' id='word_1_152' title='bbox 806 2091 882 2156; x_wconf 78' lang='lat'><strong>333.</strong></span> 
     </span>
    </p>
   </div>
   <div class='ocr_carea' id='block_1_7' title="bbox 160 2202 1438 2332">
    <p class='ocr_par' dir='ltr' id='par_1_7' title="bbox 160 2202 1438 2332">
     <span class='ocr_line' id='line_1_20' title="bbox 195 2202 1438 2277; baseline 0.002 -18"><span class='ocrx_word' id='word_1_153' title='bbox 195 2202 274 2259; x_wconf 90' lang='lat' dir='ltr'><strong>Hab.</strong></span> <span class='ocrx_word' id='word_1_154' title='bbox 290 2203 320 2258; x_wconf 93' lang='lat' dir='ltr'><strong>in</strong></span> <span class='ocrx_word' id='word_1_155' title='bbox 332 2203 496 2274; x_wconf 82' lang='lat' dir='ltr'><strong>sylvaticis,</strong></span> <span class='ocrx_word' id='word_1_156' title='bbox 514 2208 596 2276; x_wconf 88' lang='lat' dir='ltr'><strong>prata</strong></span> <span class='ocrx_word' id='word_1_157' title='bbox 607 2206 635 2258; x_wconf 92' lang='lat' dir='ltr'><strong>al</strong></span> <span class='ocrx_word' id='word_1_158' title='bbox 659 2204 710 2260; x_wconf 90' lang='lat' dir='ltr'><strong>ina</strong></span> <span class='ocrx_word' id='word_1_159' title='bbox 724 2205 834 2260; x_wconf 90' lang='lat' dir='ltr'><strong>montis</strong></span> <span class='ocrx_word' id='word_1_160' title='bbox 848 2203 986 2260; x_wconf 86' lang='lat' dir='ltr'><strong>Kasbeck</strong></span> <span class='ocrx_word' id='word_1_161' title='bbox 1000 2205 1126 2262; x_wconf 84' lang='lat' dir='ltr'><strong>Caucasi</strong></span> <span class='ocrx_word' id='word_1_162' title='bbox 1141 2205 1290 2276; x_wconf 73' lang='lat' dir='ltr'><strong>(nahmi),</strong></span> <span class='ocrx_word' id='word_1_163' title='bbox 1312 2208 1342 2262; x_wconf 89' lang='lat' dir='ltr'><strong>et</strong></span> <span class='ocrx_word' id='word_1_164' title='bbox 1368 2219 1438 2277; x_wconf 89' lang='lat' dir='ltr'><strong>pro·</strong></span> 
     </span>
     <span class='ocr_line' id='line_1_21' title="bbox 160 2274 764 2332; baseline -0.005 -2"><span class='ocrx_word' id='word_1_165' title='bbox 160 2274 230 2330; x_wconf 88' lang='lat' dir='ltr'><strong>bab.</strong></span> <span class='ocrx_word' id='word_1_166' title='bbox 242 2274 316 2330; x_wconf 91' lang='lat' dir='ltr'><strong>alibi</strong></span> <span class='ocrx_word' id='word_1_167' title='bbox 329 2275 361 2329; x_wconf 89' lang='lat' dir='ltr'><strong>in</strong></span> <span class='ocrx_word' id='word_1_168' title='bbox 376 2275 550 2331; x_wconf 76' lang='lat' dir='ltr'><strong>Macedonia</strong></span> <span class='ocrx_word' id='word_1_169' title='bbox 564 2275 615 2332; x_wconf 86' lang='lat' dir='ltr'><strong>vel</strong></span> <span class='ocrx_word' id='word_1_170' title='bbox 654 2276 764 2332; x_wconf 80' lang='lat' dir='ltr'><strong>bracia.</strong></span> 
     </span>
    </p>
   </div>
   <div class='ocr_carea' id='block_1_8' title="bbox 161 2369 1446 2514">
    <p class='ocr_par' dir='ltr' id='par_1_8' title="bbox 161 2369 1446 2514">
     <span class='ocr_line' id='line_1_22' title="bbox 197 2369 1446 2444; baseline 0.002 -18"><span class='ocrx_word' id='word_1_171' title='bbox 197 2371 245 2426; x_wconf 76' lang='lat' dir='ltr'><strong>Ar.</strong></span> <span class='ocrx_word' id='word_1_172' title='bbox 257 2372 359 2441; x_wconf 72' lang='lat' dir='ltr'><strong>Gangr.</strong></span> <span class='ocrx_word' id='word_1_173' title='bbox 376 2371 498 2440; x_wconf 79' lang='lat' dir='ltr'><strong>Europa</strong></span> <span class='ocrx_word' id='word_1_174' title='bbox 516 2371 644 2427; x_wconf 85' lang='lat' dir='ltr'><strong>borealis</strong></span> <span class='ocrx_word' id='word_1_175' title='bbox 667 2375 696 2426; x_wconf 88' lang='lat' dir='ltr'><strong>at</strong></span> <span class='ocrx_word' id='word_1_176' title='bbox 714 2369 814 2426; x_wconf 84' lang='lat' dir='ltr'><strong>media</strong></span> <span class='ocrx_word' id='word_1_177' title='bbox 834 2387 850 2426; x_wconf 91' lang='lat' dir='ltr'><strong>a</strong></span> <span class='ocrx_word' id='word_1_178' title='bbox 871 2370 1075 2428; x_wconf 79' lang='lat' dir='ltr'><strong>scandinavia</strong></span> <span class='ocrx_word' id='word_1_179' title='bbox 1098 2375 1127 2428; x_wconf 89' lang='lat' dir='ltr'><strong>et</strong></span> <span class='ocrx_word' id='word_1_180' title='bbox 1147 2371 1254 2429; x_wconf 83' lang='lat' dir='ltr'><strong>Rossia&#39;t</strong></span> <span class='ocrx_word' id='word_1_181' title='bbox 1276 2373 1315 2428; x_wconf 86' lang='lat' dir='ltr'><strong>ad</strong></span> <span class='ocrx_word' id='word_1_182' title='bbox 1332 2372 1446 2444; x_wconf 89' lang='lat' dir='ltr'><strong>Hispa-</strong></span> 
     </span>
     <span class='ocr_line' id='line_1_23' title="bbox 161 2440 989 2514; baseline 0.002 -18"><span class='ocrx_word' id='word_1_183' title='bbox 161 2441 245 2496; x_wconf 88' lang='lat' dir='ltr'><strong>niam</strong></span> <span class='ocrx_word' id='word_1_184' title='bbox 256 2446 285 2497; x_wconf 91' lang='lat' dir='ltr'><strong>et</strong></span> <span class='ocrx_word' id='word_1_185' title='bbox 297 2441 412 2498; x_wconf 86' lang='lat' dir='ltr'><strong>ltaliam</strong></span> <span class='ocrx_word' id='word_1_186' title='bbox 426 2440 562 2498; x_wconf 86' lang='lat' dir='ltr'><strong>boreales</strong></span> <span class='ocrx_word' id='word_1_187' title='bbox 576 2445 604 2498; x_wconf 86' lang='lat' dir='ltr'><strong>et</strong></span> <span class='ocrx_word' id='word_1_188' title='bbox 614 2443 766 2514; x_wconf 87' lang='lat' dir='ltr'><strong>regionem</strong></span> <span class='ocrx_word' id='word_1_189' title='bbox 779 2440 989 2498; x_wconf 89' lang='lat' dir='ltr'><strong>Danublalem.</strong></span> 
     </span>
    </p>
   </div>
   <div class='ocr_carea' id='block_1_9' title="bbox 96 2606 1458 3700">
    <p class='ocr_par' dir='ltr' id='par_1_9' title="bbox 96 2606 1458 3586">
     <span class='ocr_line' id='line_1_24' title="bbox 205 2606 1445 2694; baseline 0.003 -24"><span class='ocrx_word' id='word_1_190' title='bbox 205 2607 258 2672; x_wconf 73' lang='lat' dir='ltr'><strong>tt.</strong></span> <span class='ocrx_word' id='word_1_191' title='bbox 277 2606 318 2675; x_wconf 80' lang='lat' dir='ltr'><strong>G.</strong></span> <span class='ocrx_word' id='word_1_192' title='bbox 338 2610 595 2675; x_wconf 87' lang='lat' dir='ltr'><strong>tomentosa</strong></span> <span class='ocrx_word' id='word_1_193' title='bbox 613 2607 665 2690; x_wconf 87' lang='lat' dir='ltr'><strong>(L.</strong></span> <span class='ocrx_word' id='word_1_194' title='bbox 683 2609 781 2676; x_wconf 83' lang='lat' dir='ltr'><strong>blant.</strong></span> <span class='ocrx_word' id='word_1_195' title='bbox 803 2609 880 2694; x_wconf 71' lang='lat' dir='ltr'><strong>lut]</strong></span> <span class='ocrx_word' id='word_1_196' title='bbox 897 2608 1219 2691; x_wconf 83' lang='lat' dir='ltr'><strong>radicestolonileru‚</strong></span> <span class='ocrx_word' id='word_1_197' title='bbox 1232 2609 1352 2675; x_wconf 90' lang='lat' dir='ltr'><strong>culmis</strong></span> <span class='ocrx_word' id='word_1_198' title='bbox 1367 2627 1445 2692; x_wconf 89' lang='lat' dir='ltr'><strong>gra-</strong></span> 
     </span>
     <span class='ocr_line' id='line_1_25' title="bbox 160 2695 1442 2781; baseline 0.002 -19"><span class='ocrx_word' id='word_1_199' title='bbox 160 2695 277 2762; x_wconf 90' lang='lat' dir='ltr'><strong>cilibus</strong></span> <span class='ocrx_word' id='word_1_200' title='bbox 297 2695 480 2778; x_wconf 84' lang='lat' dir='ltr'><strong>triquetris.</strong></span> <span class='ocrx_word' id='word_1_201' title='bbox 496 2697 582 2762; x_wconf 85' lang='lat' dir='ltr'><strong>loliis</strong></span> <span class='ocrx_word' id='word_1_202' title='bbox 600 2696 779 2763; x_wconf 78' lang='lat' dir='ltr'><strong>linearibus</strong></span> <span class='ocrx_word' id='word_1_203' title='bbox 800 2699 906 2780; x_wconf 89' lang='lat' dir='ltr'><strong>planis</strong></span> <span class='ocrx_word' id='word_1_204' title='bbox 923 2699 1029 2764; x_wconf 91' lang='lat' dir='ltr'><strong>culmo</strong></span> <span class='ocrx_word' id='word_1_205' title='bbox 1045 2697 1332 2778; x_wconf 85' lang='lat' dir='ltr'><strong>subbrerioribus‚</strong></span> <span class='ocrx_word' id='word_1_206' title='bbox 1350 2699 1442 2781; x_wconf 71' lang='lat' dir='ltr'><strong>spica</strong></span> 
     </span>
     <span class='ocr_line' id='line_1_26' title="bbox 160 2785 1444 2870; baseline 0.004 -22"><span class='ocrx_word' id='word_1_207' title='bbox 160 2785 304 2851; x_wconf 78' lang='lat' dir='ltr'><strong>mascula</strong></span> <span class='ocrx_word' id='word_1_208' title='bbox 323 2785 471 2852; x_wconf 79' lang='lat' dir='ltr'><strong>solitaria</strong></span> <span class='ocrx_word' id='word_1_209' title='bbox 490 2785 709 2869; x_wconf 76' lang='lat' dir='ltr'><strong>pedunculus</strong></span> <span class='ocrx_word' id='word_1_210' title='bbox 725 2786 913 2870; x_wconf 80' lang='lat' dir='ltr'><strong>cylindrict,</strong></span> <span class='ocrx_word' id='word_1_211' title='bbox 933 2787 1083 2854; x_wconf 83' lang='lat' dir='ltr'><strong>femineis</strong></span> <span class='ocrx_word' id='word_1_212' title='bbox 1107 2789 1160 2852; x_wconf 80' lang='grc'><strong>1-3</strong></span> <span class='ocrx_word' id='word_1_213' title='bbox 1176 2787 1282 2854; x_wconf 84' lang='lat' dir='ltr'><strong>oratis</strong></span> <span class='ocrx_word' id='word_1_214' title='bbox 1303 2786 1354 2856; x_wconf 88' lang='lat' dir='ltr'><strong>vel</strong></span> <span class='ocrx_word' id='word_1_215' title='bbox 1367 2787 1444 2854; x_wconf 90' lang='lat' dir='ltr'><strong>bre-</strong></span> 
     </span>
     <span class='ocr_line' id='line_1_27' title="bbox 159 2874 1441 2960; baseline 0.002 -22"><span class='ocrx_word' id='word_1_216' title='bbox 159 2875 246 2939; x_wconf 83' lang='lat' dir='ltr'><strong>viter</strong></span> <span class='ocrx_word' id='word_1_217' title='bbox 265 2874 455 2958; x_wconf 85' lang='lat' dir='ltr'><strong>cylindricis</strong></span> <span class='ocrx_word' id='word_1_218' title='bbox 475 2875 603 2941; x_wconf 91' lang='lat' dir='ltr'><strong>obtusis</strong></span> <span class='ocrx_word' id='word_1_219' title='bbox 629 2875 742 2940; x_wconf 86' lang='lat' dir='ltr'><strong>densis</strong></span> <span class='ocrx_word' id='word_1_220' title='bbox 770 2877 890 2942; x_wconf 85' lang='lat' dir='ltr'><strong>crectis</strong></span> <span class='ocrx_word' id='word_1_221' title='bbox 922 2875 1162 2943; x_wconf 90' lang='lat' dir='ltr'><strong>subsessilibus</strong></span> <span class='ocrx_word' id='word_1_222' title='bbox 1189 2877 1441 2960; x_wconf 82' lang='lat' dir='ltr'><strong>approximatis,</strong></span> 
     </span>
     <span class='ocr_line' id='line_1_28' title="bbox 160 2962 1442 3047; baseline 0.002 -20"><span class='ocrx_word' id='word_1_223' title='bbox 160 2962 293 3030; x_wconf 80' lang='lat' dir='ltr'><strong>bractea</strong></span> <span class='ocrx_word' id='word_1_224' title='bbox 310 2963 468 3030; x_wconf 86' lang='lat' dir='ltr'><strong>interiore</strong></span> <span class='ocrx_word' id='word_1_225' title='bbox 486 2963 682 3030; x_wconf 84' lang='lat' dir='ltr'><strong>brevissime</strong></span> <span class='ocrx_word' id='word_1_226' title='bbox 694 2965 866 3046; x_wconf 87' lang='lat' dir='ltr'><strong>vaginanle</strong></span> <span class='ocrx_word' id='word_1_227' title='bbox 881 2966 1025 3031; x_wconf 91' lang='lat' dir='ltr'><strong>culmum</strong></span> <span class='ocrx_word' id='word_1_228' title='bbox 1038 2983 1126 3047; x_wconf 89' lang='lat' dir='ltr'><strong>saepe</strong></span> <span class='ocrx_word' id='word_1_229' title='bbox 1139 2969 1301 3047; x_wconf 75' lang='lat' dir='ltr'><strong>aequante,</strong></span> <span class='ocrx_word' id='word_1_230' title='bbox 1318 2964 1442 3045; x_wconf 89' lang='lat' dir='ltr'><strong>glnmis</strong></span> 
     </span>
     <span class='ocr_line' id='line_1_29' title="bbox 158 3052 1458 3136; baseline -0.001 -17"><span class='ocrx_word' id='word_1_231' title='bbox 158 3053 457 3119; x_wconf 85' lang='lat' dir='ltr'><strong>ovato-lanceolatis</strong></span> <span class='ocrx_word' id='word_1_232' title='bbox 477 3054 581 3120; x_wconf 90' lang='lat' dir='ltr'><strong>acutis</strong></span> <span class='ocrx_word' id='word_1_233' title='bbox 600 3052 762 3119; x_wconf 86' lang='lat' dir='ltr'><strong>viridibus</strong></span> <span class='ocrx_word' id='word_1_234' title='bbox 783 3053 1092 3135; x_wconf 88' lang='lat' dir='ltr'><strong>rubro-marginatis</strong></span> <span class='ocrx_word' id='word_1_235' title='bbox 1114 3054 1222 3120; x_wconf 90' lang='lat' dir='ltr'><strong>lructu</strong></span> <span class='ocrx_word' id='word_1_236' title='bbox 1241 3054 1458 3136; x_wconf 89' lang='lat' dir='ltr'><strong>angustiori··</strong></span> 
     </span>
     <span class='ocr_line' id='line_1_30' title="bbox 159 3141 1444 3225; baseline 0.002 -19"><span class='ocrx_word' id='word_1_237' title='bbox 159 3141 234 3222; x_wconf 89' lang='lat' dir='ltr'><strong>bus,</strong></span> <span class='ocrx_word' id='word_1_238' title='bbox 254 3141 460 3223; x_wconf 87' lang='lat' dir='ltr'><strong>stigmatibus</strong></span> <span class='ocrx_word' id='word_1_239' title='bbox 483 3141 604 3221; x_wconf 88' lang='lat' dir='ltr'><strong>tribus,</strong></span> <span class='ocrx_word' id='word_1_240' title='bbox 620 3141 771 3209; x_wconf 89' lang='lat' dir='ltr'><strong>utriculis</strong></span> <span class='ocrx_word' id='word_1_241' title='bbox 797 3143 900 3208; x_wconf 89' lang='lat' dir='ltr'><strong>dense</strong></span> <span class='ocrx_word' id='word_1_242' title='bbox 920 3148 952 3210; x_wconf 87' lang='lat' dir='ltr'><strong>et</strong></span> <span class='ocrx_word' id='word_1_243' title='bbox 969 3143 1114 3210; x_wconf 87' lang='lat' dir='ltr'><strong>breviter</strong></span> <span class='ocrx_word' id='word_1_244' title='bbox 1130 3143 1324 3210; x_wconf 90' lang='lat' dir='ltr'><strong>tomentosis</strong></span> <span class='ocrx_word' id='word_1_245' title='bbox 1343 3161 1444 3225; x_wconf 90' lang='lat' dir='ltr'><strong>spon·</strong></span> 
     </span>
     <span class='ocr_line' id='line_1_31' title="bbox 96 3227 1445 3315; baseline 0.003 -21"><span class='ocrx_word' id='word_1_246' title='bbox 96 3227 99 3233; x_wconf 86' lang='lat'>&#39;</span> <span class='ocrx_word' id='word_1_247' title='bbox 159 3230 260 3310; x_wconf 86' lang='lat' dir='ltr'><strong>gioris</strong></span> <span class='ocrx_word' id='word_1_248' title='bbox 287 3230 591 3296; x_wconf 88' lang='lat' dir='ltr'><strong>viridi-stramineis</strong></span> <span class='ocrx_word' id='word_1_249' title='bbox 617 3230 938 3312; x_wconf 74' lang='lat' dir='ltr'><strong>subglobosoovatis</strong></span> <span class='ocrx_word' id='word_1_250' title='bbox 961 3232 1107 3298; x_wconf 91' lang='lat' dir='ltr'><strong>obsolele</strong></span> <span class='ocrx_word' id='word_1_251' title='bbox 1137 3231 1275 3315; x_wconf 90' lang='lat' dir='ltr'><strong>trigonis</strong></span> <span class='ocrx_word' id='word_1_252' title='bbox 1295 3231 1445 3299; x_wconf 87' lang='lat' dir='ltr'><strong>enerviis</strong></span> 
     </span>
     <span class='ocr_line' id='line_1_32' title="bbox 161 3318 1444 3402; baseline 0 -20"><span class='ocrx_word' id='word_1_253' title='bbox 161 3319 358 3386; x_wconf 90' lang='lat' dir='ltr'><strong>brevissime</strong></span> <span class='ocrx_word' id='word_1_254' title='bbox 374 3325 406 3387; x_wconf 91' lang='lat' dir='ltr'><strong>et</strong></span> <span class='ocrx_word' id='word_1_255' title='bbox 422 3337 508 3402; x_wconf 84' lang='lat' dir='ltr'><strong>sape</strong></span> <span class='ocrx_word' id='word_1_256' title='bbox 528 3320 672 3387; x_wconf 85' lang='lat' dir='ltr'><strong>obsoleta</strong></span> <span class='ocrx_word' id='word_1_257' title='bbox 688 3321 867 3388; x_wconf 88' lang='lat' dir='ltr'><strong>rostellatis</strong></span> <span class='ocrx_word' id='word_1_258' title='bbox 884 3338 941 3386; x_wconf 94' lang='lat' dir='ltr'><strong>ore</strong></span> <span class='ocrx_word' id='word_1_259' title='bbox 957 3321 1134 3387; x_wconf 81' lang='lat' dir='ltr'><strong>subrutusc</strong></span> <span class='ocrx_word' id='word_1_260' title='bbox 1153 3320 1315 3392; x_wconf 35' lang='lat' dir='ltr'><strong>flttRclrb.</strong></span> <span class='ocrx_word' id='word_1_261' title='bbox 1327 3318 1444 3387; x_wconf 86' lang='lat' dir='ltr'><strong>Germ.</strong></span> 
     </span>
     <span class='ocr_line' id='line_1_33' title="bbox 161 3407 1443 3492; baseline 0.002 -21"><span class='ocrx_word' id='word_1_262' title='bbox 161 3407 219 3488; x_wconf 82' lang='lat' dir='ltr'><strong>ing.</strong></span> <span class='ocrx_word' id='word_1_263' title='bbox 236 3409 310 3472; x_wconf 78' lang='grc'>638.</span> <span class='ocrx_word' id='word_1_264' title='bbox 328 3444 373 3455; x_wconf 91' lang='grc'>-</span> <span class='ocrx_word' id='word_1_265' title='bbox 388 3407 420 3477; x_wconf 86' lang='lat' dir='ltr'><strong>C.</strong></span> <span class='ocrx_word' id='word_1_266' title='bbox 440 3408 676 3489; x_wconf 82' lang='lat' dir='ltr'><strong>spbaerucarpu</strong></span> <span class='ocrx_word' id='word_1_267' title='bbox 692 3409 790 3476; x_wconf 80' lang='lat' dir='ltr'><strong>Ehrlr.</strong></span> <span class='ocrx_word' id='word_1_268' title='bbox 809 3445 849 3460; x_wconf 91' lang='lat'>-</span> <span class='ocrx_word' id='word_1_269' title='bbox 864 3409 898 3476; x_wconf 78' lang='lat' dir='ltr'><strong>C.</strong></span> <span class='ocrx_word' id='word_1_270' title='bbox 922 3408 1018 3476; x_wconf 83' lang='lat' dir='ltr'><strong>ccasio</strong></span> <span class='ocrx_word' id='word_1_271' title='bbox 1037 3408 1168 3476; x_wconf 89' lang='lat' dir='ltr'><strong>Griseb.</strong></span> <span class='ocrx_word' id='word_1_272' title='bbox 1186 3408 1241 3492; x_wconf 88' lang='lat' dir='ltr'><strong>Sp.</strong></span> <span class='ocrx_word' id='word_1_273' title='bbox 1260 3409 1302 3487; x_wconf 89' lang='lat' dir='ltr'><strong>ll,</strong></span> <span class='ocrx_word' id='word_1_274' title='bbox 1324 3429 1355 3492; x_wconf 93' lang='lat' dir='ltr'><strong>p.</strong></span> <span class='ocrx_word' id='word_1_275' title='bbox 1376 3410 1443 3475; x_wconf 78' lang='lat' dir='ltr'><strong>tta</strong></span> 
     </span>
     <span class='ocr_line' id='line_1_34' title="bbox 160 3494 727 3586; baseline 0 -24"><span class='ocrx_word' id='word_1_276' title='bbox 160 3513 201 3562; x_wconf 82' lang='lat' dir='ltr'><strong>ex</strong></span> <span class='ocrx_word' id='word_1_277' title='bbox 212 3497 319 3563; x_wconf 87' lang='lat' dir='ltr'><strong>deser.</strong></span> <span class='ocrx_word' id='word_1_278' title='bbox 334 3497 453 3584; x_wconf 72' lang='lat' dir='ltr'><strong>(Deest</strong></span> <span class='ocrx_word' id='word_1_279' title='bbox 466 3499 499 3563; x_wconf 91' lang='lat' dir='ltr'><strong>in</strong></span> <span class='ocrx_word' id='word_1_280' title='bbox 513 3497 585 3581; x_wconf 89' lang='lat' dir='ltr'><strong>ejus</strong></span> <span class='ocrx_word' id='word_1_281' title='bbox 604 3494 727 3586; x_wconf 74' lang='lat' dir='ltr'><strong>berb).</strong></span> 
     </span>
    </p>

    <p class='ocr_par' dir='ltr' id='par_1_10' title="bbox 197 3607 1435 3700">
     <span class='ocr_line' id='line_1_35' title="bbox 197 3607 1435 3700; baseline 0.001 -36"><span class='ocrx_word' id='word_1_282' title='bbox 197 3608 274 3664; x_wconf 90' lang='lat' dir='ltr'><strong>Hah.</strong></span> <span class='ocrx_word' id='word_1_283' title='bbox 287 3607 318 3664; x_wconf 93' lang='lat' dir='ltr'><strong>in</strong></span> <span class='ocrx_word' id='word_1_284' title='bbox 336 3609 428 3700; x_wconf 76' lang='lat' dir='ltr'><strong>pratis</strong></span> <span class='ocrx_word' id='word_1_285' title='bbox 446 3608 587 3676; x_wconf 89' lang='lat' dir='ltr'><strong>humidis,</strong></span> <span class='ocrx_word' id='word_1_286' title='bbox 601 3608 777 3666; x_wconf 81' lang='lat' dir='ltr'><strong>Macedonia</strong></span> <span class='ocrx_word' id='word_1_287' title='bbox 800 3609 833 3666; x_wconf 91' lang='lat' dir='ltr'><strong>in</strong></span> <span class='ocrx_word' id='word_1_288' title='bbox 859 3610 955 3680; x_wconf 84' lang='lat' dir='ltr'><strong>sylvis</strong></span> <span class='ocrx_word' id='word_1_289' title='bbox 978 3611 1089 3666; x_wconf 85' lang='lat' dir='ltr'><strong>montis</strong></span> <span class='ocrx_word' id='word_1_290' title='bbox 1110 3609 1206 3665; x_wconf 82' lang='lat' dir='ltr'><strong>Athos</strong></span> <span class='ocrx_word' id='word_1_291' title='bbox 1225 3609 1372 3678; x_wconf 85' lang='lat' dir='ltr'><strong>(Griseb.)</strong></span> <span class='ocrx_word' id='word_1_292' title='bbox 1399 3609 1435 3665; x_wconf 92' lang='lat' dir='ltr'><strong>In</strong></span> 
     </span>
    </p>
   </div>
   <div class='ocr_carea' id='block_1_10' title="bbox 160 3679 1457 3824">
    <p class='ocr_par' dir='ltr' id='par_1_11' title="bbox 160 3679 1457 3824">
     <span class='ocr_line' id='line_1_36' title="bbox 160 3679 1457 3752; baseline 0.001 -16"><span class='ocrx_word' id='word_1_293' title='bbox 160 3680 272 3736; x_wconf 82' lang='lat' dir='ltr'><strong>Tauria</strong></span> <span class='ocrx_word' id='word_1_294' title='bbox 283 3679 320 3734; x_wconf 89' lang='lat' dir='ltr'><strong>ad</strong></span> <span class='ocrx_word' id='word_1_295' title='bbox 336 3680 554 3752; x_wconf 64' lang='lat' dir='ltr'><strong>symphoropol</strong></span> <span class='ocrx_word' id='word_1_296' title='bbox 569 3683 597 3736; x_wconf 88' lang='lat' dir='ltr'><strong>at</strong></span> <span class='ocrx_word' id='word_1_297' title='bbox 609 3681 639 3734; x_wconf 90' lang='lat' dir='ltr'><strong>in</strong></span> <span class='ocrx_word' id='word_1_298' title='bbox 652 3679 732 3736; x_wconf 87' lang='lat' dir='ltr'><strong>valle</strong></span> <span class='ocrx_word' id='word_1_299' title='bbox 747 3680 851 3738; x_wconf 86' lang='lat' dir='ltr'><strong>Sudak</strong></span> <span class='ocrx_word' id='word_1_300' title='bbox 866 3682 977 3752; x_wconf 85' lang='lat' dir='ltr'><strong>(Stav.)</strong></span> <span class='ocrx_word' id='word_1_301' title='bbox 990 3681 1062 3737; x_wconf 87' lang='lat' dir='ltr'><strong>Loci</strong></span> <span class='ocrx_word' id='word_1_302' title='bbox 1081 3696 1119 3736; x_wconf 83' lang='lat' dir='ltr'><strong>ex</strong></span> <span class='ocrx_word' id='word_1_303' title='bbox 1133 3680 1265 3736; x_wconf 84' lang='lat' dir='ltr'><strong>Caucaso</strong></span> <span class='ocrx_word' id='word_1_304' title='bbox 1281 3681 1312 3736; x_wconf 87' lang='lat' dir='ltr'><strong>in</strong></span> <span class='ocrx_word' id='word_1_305' title='bbox 1331 3679 1457 3737; x_wconf 73' lang='lat' dir='ltr'><strong>bousb·-</strong></span> 
     </span>
     <span class='ocr_line' id='line_1_37' title="bbox 160 3750 801 3824; baseline -0.003 -18"><span class='ocrx_word' id='word_1_306' title='bbox 160 3750 207 3806; x_wconf 91' lang='lat' dir='ltr'><strong>Fl.</strong></span> <span class='ocrx_word' id='word_1_307' title='bbox 217 3752 304 3808; x_wconf 83' lang='lat' dir='ltr'><strong>Rosa.</strong></span> <span class='ocrx_word' id='word_1_308' title='bbox 319 3753 401 3808; x_wconf 87' lang='lat' dir='ltr'><strong>citati</strong></span> <span class='ocrx_word' id='word_1_309' title='bbox 414 3751 453 3807; x_wconf 86' lang='lat' dir='ltr'><strong>ad</strong></span> <span class='ocrx_word' id='word_1_310' title='bbox 469 3751 499 3809; x_wconf 80' lang='lat'><strong>0.</strong></span> <span class='ocrx_word' id='word_1_311' title='bbox 514 3750 643 3810; x_wconf 82' lang='lat' dir='ltr'><strong>Gricteti</strong></span> <span class='ocrx_word' id='word_1_312' title='bbox 653 3756 801 3824; x_wconf 87' lang='lat' dir='ltr'><strong>spectant.</strong></span> 
     </span>
    </p>
   </div>
   <div class='ocr_carea' id='block_1_11' title="bbox 160 3847 1443 3992">
    <p class='ocr_par' dir='ltr' id='par_1_12' title="bbox 160 3847 1443 3992">
     <span class='ocr_line' id='line_1_38' title="bbox 195 3847 1443 3922; baseline 0 -18"><span class='ocrx_word' id='word_1_313' title='bbox 195 3852 245 3904; x_wconf 72' lang='lat' dir='ltr'><strong>Ar.</strong></span> <span class='ocrx_word' id='word_1_314' title='bbox 262 3849 361 3919; x_wconf 74' lang='lat' dir='ltr'><strong>(loom.</strong></span> <span class='ocrx_word' id='word_1_315' title='bbox 376 3847 495 3922; x_wconf 83' lang='lat' dir='ltr'><strong>Europa</strong></span> <span class='ocrx_word' id='word_1_316' title='bbox 510 3849 609 3906; x_wconf 87' lang='lat' dir='ltr'><strong>madia</strong></span> <span class='ocrx_word' id='word_1_317' title='bbox 621 3848 660 3904; x_wconf 89' lang='lat' dir='ltr'><strong>ab</strong></span> <span class='ocrx_word' id='word_1_318' title='bbox 673 3848 783 3921; x_wconf 79' lang='lat' dir='ltr'><strong>Anglia</strong></span> <span class='ocrx_word' id='word_1_319' title='bbox 802 3851 832 3906; x_wconf 89' lang='lat' dir='ltr'><strong>et</strong></span> <span class='ocrx_word' id='word_1_320' title='bbox 845 3849 957 3907; x_wconf 82' lang='lat' dir='ltr'><strong>Gothia</strong></span> <span class='ocrx_word' id='word_1_321' title='bbox 968 3849 1005 3906; x_wconf 90' lang='lat' dir='ltr'><strong>ad</strong></span> <span class='ocrx_word' id='word_1_322' title='bbox 1018 3849 1156 3906; x_wconf 84' lang='lat' dir='ltr'><strong>Rossicm</strong></span> <span class='ocrx_word' id='word_1_323' title='bbox 1172 3847 1313 3922; x_wconf 86' lang='lat' dir='ltr'><strong>madiam,</strong></span> <span class='ocrx_word' id='word_1_324' title='bbox 1324 3847 1443 3906; x_wconf 85' lang='lat' dir='ltr'><strong>ltaliam</strong></span> 
     </span>
     <span class='ocr_line' id='line_1_39' title="bbox 160 3917 708 3992; baseline 0 -18"><span class='ocrx_word' id='word_1_325' title='bbox 160 3917 322 3992; x_wconf 85' lang='lat' dir='ltr'><strong>borealem,</strong></span> <span class='ocrx_word' id='word_1_326' title='bbox 335 3921 487 3992; x_wconf 87' lang='lat' dir='ltr'><strong>regionam</strong></span> <span class='ocrx_word' id='word_1_327' title='bbox 498 3920 708 3976; x_wconf 85' lang='lat' dir='ltr'><strong>Danubialem.</strong></span> 
     </span>
    </p>
   </div>
   <div class='ocr_carea' id='block_1_12' title="bbox 158 4082 1461 4614">
    <p class='ocr_par' dir='ltr' id='par_1_13' title="bbox 158 4082 1461 4614">
     <span class='ocr_line' id='line_1_40' title="bbox 207 4082 1461 4173; baseline 0 -21"><span class='ocrx_word' id='word_1_328' title='bbox 207 4087 260 4152; x_wconf 73' lang='lat' dir='ltr'><strong>ab.</strong></span> <span class='ocrx_word' id='word_1_329' title='bbox 286 4082 326 4150; x_wconf 86' lang='lat' dir='ltr'><strong>C.</strong></span> <span class='ocrx_word' id='word_1_330' title='bbox 352 4085 542 4155; x_wconf 85' lang='lat' dir='ltr'><strong>Grioletl</strong></span> <span class='ocrx_word' id='word_1_331' title='bbox 568 4087 707 4171; x_wconf 75' lang='lat' dir='ltr'><strong>(Romen</strong></span> <span class='ocrx_word' id='word_1_332' title='bbox 726 4087 760 4154; x_wconf 93' lang='lat' dir='ltr'><strong>iu</strong></span> <span class='ocrx_word' id='word_1_333' title='bbox 787 4086 881 4154; x_wconf 87' lang='lat' dir='ltr'><strong>Sekh.</strong></span> <span class='ocrx_word' id='word_1_334' title='bbox 899 4086 1013 4170; x_wconf 86' lang='lat' dir='ltr'><strong>Riedg.</strong></span> <span class='ocrx_word' id='word_1_335' title='bbox 1032 4107 1063 4170; x_wconf 91' lang='lat' dir='ltr'><strong>p.</strong></span> <span class='ocrx_word' id='word_1_336' title='bbox 1087 4089 1140 4170; x_wconf 82' lang='lat'><strong>76,</strong></span> <span class='ocrx_word' id='word_1_337' title='bbox 1159 4085 1212 4170; x_wconf 87' lang='lat' dir='ltr'><strong>lig.</strong></span> <span class='ocrx_word' id='word_1_338' title='bbox 1234 4085 1314 4173; x_wconf 68' lang='lat'>209)</span> <span class='ocrx_word' id='word_1_339' title='bbox 1341 4085 1461 4152; x_wconf 83' lang='lat' dir='ltr'><strong>rhina--</strong></span> 
     </span>
     <span class='ocr_line' id='line_1_41' title="bbox 161 4175 1450 4262; baseline 0.002 -23"><span class='ocrx_word' id='word_1_340' title='bbox 161 4181 248 4241; x_wconf 89' lang='lat' dir='ltr'><strong>mate</strong></span> <span class='ocrx_word' id='word_1_341' title='bbox 277 4176 479 4256; x_wconf 90' lang='lat' dir='ltr'><strong>stolonilero‚</strong></span> <span class='ocrx_word' id='word_1_342' title='bbox 500 4176 618 4242; x_wconf 91' lang='lat' dir='ltr'><strong>culmis</strong></span> <span class='ocrx_word' id='word_1_343' title='bbox 646 4175 825 4258; x_wconf 88' lang='lat' dir='ltr'><strong>gracilibus</strong></span> <span class='ocrx_word' id='word_1_344' title='bbox 844 4176 940 4242; x_wconf 86' lang='lat' dir='ltr'><strong>elatis</strong></span> <span class='ocrx_word' id='word_1_345' title='bbox 962 4176 1147 4262; x_wconf 85' lang='lat' dir='ltr'><strong>triquetris,</strong></span> <span class='ocrx_word' id='word_1_346' title='bbox 1170 4175 1254 4242; x_wconf 91' lang='lat' dir='ltr'><strong>loliis</strong></span> <span class='ocrx_word' id='word_1_347' title='bbox 1285 4175 1450 4256; x_wconf 88' lang='lat' dir='ltr'><strong>elongatis</strong></span> 
     </span>
     <span class='ocr_line' id='line_1_42' title="bbox 160 4264 1447 4349; baseline 0.002 -21"><span class='ocrx_word' id='word_1_348' title='bbox 160 4264 341 4330; x_wconf 89' lang='lat' dir='ltr'><strong>linearibus</strong></span> <span class='ocrx_word' id='word_1_349' title='bbox 353 4264 470 4348; x_wconf 86' lang='lat' dir='ltr'><strong>planis,</strong></span> <span class='ocrx_word' id='word_1_350' title='bbox 483 4265 574 4349; x_wconf 78' lang='lat' dir='ltr'><strong>spica</strong></span> <span class='ocrx_word' id='word_1_351' title='bbox 591 4264 737 4332; x_wconf 83' lang='lat' dir='ltr'><strong>mascula</strong></span> <span class='ocrx_word' id='word_1_352' title='bbox 753 4265 901 4332; x_wconf 82' lang='lat' dir='ltr'><strong>solitaria</strong></span> <span class='ocrx_word' id='word_1_353' title='bbox 914 4265 1135 4348; x_wconf 83' lang='lat' dir='ltr'><strong>peduncutatc</strong></span> <span class='ocrx_word' id='word_1_354' title='bbox 1150 4265 1245 4348; x_wconf 90' lang='lat' dir='ltr'><strong>longe</strong></span> <span class='ocrx_word' id='word_1_355' title='bbox 1261 4269 1295 4330; x_wconf 88' lang='lat' dir='ltr'><strong>et</strong></span> <span class='ocrx_word' id='word_1_356' title='bbox 1306 4268 1447 4346; x_wconf 90' lang='lat' dir='ltr'><strong>anguste</strong></span> 
     </span>
     <span class='ocr_line' id='line_1_43' title="bbox 158 4351 1444 4436; baseline -0.002 -17"><span class='ocrx_word' id='word_1_357' title='bbox 158 4351 345 4434; x_wconf 74' lang='lat' dir='ltr'><strong>cylindrus,</strong></span> <span class='ocrx_word' id='word_1_358' title='bbox 359 4353 509 4420; x_wconf 91' lang='lat' dir='ltr'><strong>lemiueis</strong></span> <span class='ocrx_word' id='word_1_359' title='bbox 521 4354 579 4418; x_wconf 73' lang='grc'><strong>3-4</strong></span> <span class='ocrx_word' id='word_1_360' title='bbox 599 4352 744 4420; x_wconf 87' lang='lat' dir='ltr'><strong>breviter</strong></span> <span class='ocrx_word' id='word_1_361' title='bbox 761 4353 949 4436; x_wconf 80' lang='lat' dir='ltr'><strong>cylindricis</strong></span> <span class='ocrx_word' id='word_1_362' title='bbox 969 4352 1096 4422; x_wconf 90' lang='lat' dir='ltr'><strong>obtusis</strong></span> <span class='ocrx_word' id='word_1_363' title='bbox 1112 4354 1226 4420; x_wconf 91' lang='lat' dir='ltr'><strong>densis</strong></span> <span class='ocrx_word' id='word_1_364' title='bbox 1237 4353 1357 4419; x_wconf 88' lang='lat' dir='ltr'><strong>erectis</strong></span> <span class='ocrx_word' id='word_1_365' title='bbox 1373 4351 1444 4418; x_wconf 86' lang='lat' dir='ltr'><strong>dis-</strong></span> 
     </span>
     <span class='ocr_line' id='line_1_44' title="bbox 160 4438 1457 4526; baseline 0.002 -21"><span class='ocrx_word' id='word_1_366' title='bbox 160 4438 305 4506; x_wconf 86' lang='lat' dir='ltr'><strong>tantibus</strong></span> <span class='ocrx_word' id='word_1_367' title='bbox 327 4441 501 4524; x_wconf 91' lang='lat' dir='ltr'><strong>superiore</strong></span> <span class='ocrx_word' id='word_1_368' title='bbox 517 4441 689 4508; x_wconf 90' lang='lat' dir='ltr'><strong>subsessili</strong></span> <span class='ocrx_word' id='word_1_369' title='bbox 708 4443 836 4509; x_wconf 75' lang='lat' dir='ltr'><strong>asteris</strong></span> <span class='ocrx_word' id='word_1_370' title='bbox 856 4447 989 4510; x_wconf 80' lang='lat' dir='ltr'><strong>exserte</strong></span> <span class='ocrx_word' id='word_1_371' title='bbox 1006 4448 1039 4508; x_wconf 88' lang='lat' dir='ltr'><strong>et</strong></span> <span class='ocrx_word' id='word_1_372' title='bbox 1059 4459 1146 4525; x_wconf 84' lang='lat' dir='ltr'><strong>saepe</strong></span> <span class='ocrx_word' id='word_1_373' title='bbox 1159 4443 1254 4526; x_wconf 90' lang='lat' dir='ltr'><strong>longe</strong></span> <span class='ocrx_word' id='word_1_374' title='bbox 1275 4439 1457 4525; x_wconf 74' lang='lat' dir='ltr'><strong>peduncu-</strong></span> 
     </span>
     <span class='ocr_line' id='line_1_45' title="bbox 159 4528 1448 4614; baseline 0.002 -19"><span class='ocrx_word' id='word_1_375' title='bbox 159 4529 250 4610; x_wconf 87' lang='lat' dir='ltr'><strong>latis,</strong></span> <span class='ocrx_word' id='word_1_376' title='bbox 272 4528 414 4596; x_wconf 87' lang='lat' dir='ltr'><strong>bracteis</strong></span> <span class='ocrx_word' id='word_1_377' title='bbox 438 4529 650 4597; x_wconf 82' lang='lat' dir='ltr'><strong>inferioribus</strong></span> <span class='ocrx_word' id='word_1_378' title='bbox 673 4530 904 4614; x_wconf 87' lang='lat' dir='ltr'><strong>raginantibus</strong></span> <span class='ocrx_word' id='word_1_379' title='bbox 932 4531 1075 4600; x_wconf 87' lang='lat' dir='ltr'><strong>loliaceis</strong></span> <span class='ocrx_word' id='word_1_380' title='bbox 1100 4530 1207 4598; x_wconf 89' lang='lat' dir='ltr'><strong>culmo</strong></span> <span class='ocrx_word' id='word_1_381' title='bbox 1227 4528 1448 4614; x_wconf 90' lang='lat' dir='ltr'><strong>longioribus,</strong></span> 
     </span>
    </p>
   </div>
   <div class='ocr_carea' id='block_1_13' title="bbox 0 0 1638 5114">
    <p class='ocr_par' dir='ltr' id='par_1_14' title="bbox 0 0 1638 5114">
     <span class='ocr_line' id='line_1_46' title="bbox 0 0 1638 5114; baseline 0 0"><span class='ocrx_word' id='word_1_382' title='bbox 0 0 1638 5114; x_wconf 95' lang='lat' dir='ltr'><strong> </strong></span> 
     </span>
    </p>
   </div>
  </div>
 </body>
</html>
