3262 5114
169 357 340 432 Imperare.
723 371 893 414 casurusne
1394 355 1449 414 153

206 480 284 537 Hab.
299 482 331 536 in
346 480 479 536 arenosis
494 480 579 537 siccis
593 483 624 537 et
635 480 777 554 humidis,
793 483 832 539 ad
849 482 946 539 fossas
966 483 1057 538 totius
1076 480 1200 536 ditionis
1222 496 1242 538 a
1266 481 1396 538 Graecial
1418 483 1449 537 et

170 549 364 610 Macedonici
385 551 424 607 ad
444 567 528 623 prov.
547 552 832 610 Transoauoasicast
849 553 991 626 Syriam,
1012 552 1036 608 Ε
1079 556 1163 624 ptum
1186 555 1215 607 et
1238 553 1304 624 ejus
1323 553 1445 617 0asesl,

169 623 314 680 Arabiam
376 624 495 678 traeaml
523 622 719 694 Babyloniam
747 625 825 695 (Noe
835 627 864 695 1),
886 625 1020 681 Persium
1066 623 1195 680 meolam
1222 627 1254 679 et
1286 626 1448 680 australem

170 694 280 764 (buch.
296 695 312 752 b
374 696 404 764 1),
418 693 608 766 Alighaniam
621 695 714 763 (Grili
720 698 750 768 1),
768 696 971 752 Belutschiam
990 693 1110 768 (Stocks
1122 696 1151 764 l).

209 805 373 887 11111191.
389 803 481 876 Regio
491 803 707 861 Mediterranea
722 805 848 878 Europa
865 808 895 861 et
908 805 1017 862 Africae
1031 803 1168 874 borealis,
1178 803 1265 860 India
1281 803 1447 876 orientalis,

170 873 202 931 P.
218 875 252 932 B.
274 875 351 948 Sper,
365 875 453 932 Nova
468 875 640 946 Hollandia,
652 877 798 933 Amerina

401 1113 631 1192 sacculum!
657 1115 766 1211 (Rem.
789 1120 820 1191 et
838 1113 910 1190 Soli.
924 1115 1007 1226 Spsl.
1028 1113 1070 1188 11.
1093 1135 1126 1212 p.
1147 1112 1215 1208 11).

216 1319 358 1404 Spicula
385 1321 417 1385 in
453 1320 601 1388 articulis
633 1321 836 1386 ramulorum
865 1319 1025 1403 paniculae
1049 1319 1282 1386 ramosissimae
1308 1319 1447 1402 geminae

170 1409 275 1476 altera
292 1409 418 1476 sessilis
434 1411 536 1477 altera
552 1409 752 1493 pedicellata‚
770 1427 884 1477 omnes
905 1409 1030 1474 fertiles
1050 1406 1234 1476 coeternas
1254 1407 1341 1474 villis
1357 1409 1451 1474 invo-

172 1498 306 1565 lucralae
339 1498 474 1565 bifloraa.
503 1499 629 1569 Glumae
661 1498 748 1565 binae
782 1497 990 1581 subaequales
1015 1498 1159 1564 tenuiter
1192 1497 1448 1564 membranaceae

172 1587 700 1670 111111111111311111.1111111111
722 1587 859 1654 interior
883 1591 1003 1653 neuter
1034 1586 1302 1668 uniglumallatus
1325 1585 1447 1671 (inter-

171 1677 250 1743 dum
276 1676 458 1762 delicians),
474 1677 630 1760 superior
651 1676 940 1758 hermaphroditus
957 1676 1113 1757 glumelld
1138 1682 1171 1742 et
1191 1677 1284 1758 palei
1303 1676 1447 1743 tenuiter

171 1766 429 1832 membranaceis
456 1766 588 1832 mulinis
606 1765 814 1849 inaequilatis.
832 1763 1021 1848 Squamulae
1047 1764 1132 1832 binae
1160 1765 1223 1830 sub
1253 1765 1345 1848 apice
1374 1765 1446 1829 1-3-

171 1853 262 1920 lobae.
284 1853 428 1921 Stamina
445 1856 517 1922 tria.
534 1855 616 1939 styli
633 1855 652 1919 1
670 1854 820 1937 elongati,
838 1855 989 1937 stigmata
1010 1855 1158 1937 plumosa
1176 1872 1276 1937 supra
1298 1853 1444 1920 medium

171 1943 345 2010 flosculum
372 1945 584 2026 emergentia.
608 1942 787 2026 Caryopsis
817 1944 920 2010 libera
950 1941 1190 2025 ovato-trigona
1218 1943 1285 2009 hilo
1310 1942 1447 2009 basilari

170 2031 321 2114 oblongo.
358 2071 398 2080 -
436 2033 555 2101 Herbae
591 2033 683 2098 elata
718 2034 869 2116 panicula
908 2031 1109 2114 amplissima
1149 2032 1245 2114 longe
1280 2036 1312 2098 et
1346 2031 1447 2098 dense

172 2121 308 2188 sericet.

218 2288 244 2349 1.
266 2283 305 2351 S.
322 2283 435 2353 Sara
451 2285 571 2370 (Roxb.
597 2284 645 2350 Fl.
671 2284 743 2351 Ind-
768 2287 796 2364 1,
822 2284 902 2370 249)
921 2303 1068 2369 perenne
1087 2285 1300 2370 cespitosum,
1328 2285 1459 2351 culmis

173 2371 267 2439 elatis
285 2374 401 2440 validis
416 2376 589 2447 teretibus,
609 2375 693 2440 loliis
712 2374 996 2457 glaucescentibus
1014 2375 1127 2458 rigidis
1147 2374 1347 2458 longissimis
1378 2375 1448 2456 pla·

145 2463 333 2530 musculis
366 2469 506 2546 angusto
539 2462 718 2529 linearibus
753 2462 898 2545 margine
936 2463 1149 2530 scabcrrimis
1187 2481 1291 2530 nervo
1329 2461 1449 2529 subtus

172 2552 280 2618 valido
307 2551 391 2633 albo,
426 2554 577 2636 paniculi
609 2551 832 2620 ramosissimt
864 2556 1030 2620 contractu
1065 2553 1243 2620 lanceolata
1277 2555 1448 2633 compacta

170 2639 484 2708 albo-hirsutissimi
495 2641 565 2708 basi
581 2643 695 2724 vagina
705 2644 856 2724 elongata
868 2646 901 2706 et
912 2642 1045 2708 dilatata
1056 2641 1122 2707 lolii
1135 2642 1284 2724 supremi
1297 2641 1447 2721 suffulti,

173 2731 315 2798 racbidis
333 2731 481 2798 articulis
497 2729 703 2798 brevissimis
722 2736 757 2797 ut
775 2737 808 2796 et
823 2731 959 2814 spiculae
977 2731 1161 2812 superioris
1177 2731 1344 2813 pedicellis
1357 2730 1448 2796 albo-

172 2817 419 2898 birsutissimis,
432 2820 553 2902 glumis
564 2819 909 2901 oblongo-lanceolatis
925 2820 1140 2886 acutiuscolis
1156 2819 1254 2886 dorso
1272 2819 1346 2903 pilis
1366 2818 1449 2884 albis

172 2908 220 2973 eis
237 2909 431 2994 aquilongis
449 2910 645 2976 densissime
670 2909 799 2978 obsilis.
818 2909 972 2991 glumellt
990 2913 1021 2974 et
1038 2909 1130 2992 palea
1145 2908 1266 2990 glumis
1287 2910 1343 2973 vix
1372 2906 1447 2974 bre·

174 2997 321 3065 rioribus
336 2999 460 3064 teneris
475 2999 622 3080 margine
641 2998 759 3064 ciliatis
782 3000 829 3071 91.

207 3125 284 3181 Hab.
298 3127 331 3180 in
345 3125 424 3183 valle
439 3125 552 3182 Kuram
565 3125 733 3198 Atighaniaa
748 3127 825 3182 inter
838 3125 917 3183 Tbal
932 3129 962 3182 et
974 3126 1088 3182 Kuram
1103 3127 1142 3182 ad
1155 3142 1249 3199 aquas
1258 3127 1368 3198 (arten.
1383 3141 1448 3184 exs.

172 3207 204 3254 n⁰
215 3197 281 3253 5161
298 3201 327 3253 et
339 3199 371 3253 in
387 3197 454 3254 coll.
473 3200 583 3253 1111111ο
602 3197 697 3268 4671).

207 3309 342 3381 Caspitas
355 3309 431 3364 letos
443 3309 584 3369 formans.
598 3309 689 3364 culmi
700 3309 893 3382 3-4-peda1es,
906 3309 1046 3381 panicula
1055 3308 1171 3381 pedalis
1182 3311 1211 3365 et
1220 3308 1347 3380 longior.
1363 3308 1449 3364 Facie

170 3381 258 3437 valde
273 3381 372 3436 affinis
391 3379 537 3436 Erichtho
553 3380 707 3436 Ravennae
720 3383 772 3436 sed
788 3379 939 3450 glumellae
954 3382 1073 3436 muliere
1097 3379 1246 3437 Saccbari
1272 3383 1302 3435 et
1322 3382 1449 3452 insuper

171 3452 311 3525 panicula
325 3453 422 3524 magis
436 3452 597 3508 densillora
611 3451 706 3524 magis
725 3452 814 3507 nivea
836 3451 960 3523 spiculis
980 3454 1076 3524 magis
1097 3468 1115 3506 e
1136 3452 1319 3524 proximatis.
1349 3452 1368 3507 S
1393 3453 1449 3506 eoi-

173 3523 355 3604 men'Aitoh.
369 3533 401 3578 11ο
415 3524 468 3578 aar
484 3523 515 3578 in
529 3523 593 3595 ejus
608 3522 865 3606 Catalogo‘Journ.
879 3523 966 3606 Linn.
981 3523 1046 3579 Soc.
1060 3469 1138 3590 xlii),
1178 3565 1183 3575 .
1200 3522 1250 3578 191
1265 3522 1304 3577 ad
1319 3521 1350 3579 S.
1366 3468 1449 3592 grif-

170 3593 249 3667 fltln'a
279 3594 401 3650 refertur
431 3594 485 3650 sed
508 3595 539 3649 in
559 3597 627 3648 moa
640 3593 814 3650 collectrone
823 3610 901 3650 unus
912 3596 942 3650 et
951 3594 1028 3650 idem
1046 3611 1082 3649 ae
1094 3604 1126 3649 11ο
1162 3594 1200 3650 16.
1211 3592 1241 3650 S.
1253 3593 1335 3650 Sara
1352 3595 1448 3649 Roxb.

172 3670 313 3722 caeterum
327 3680 382 3737 ope
397 3665 461 3738 ejus
475 3664 628 3737 diagnosis
648 3665 748 3722 brevis
762 3669 877 3721 tantum
898 3667 971 3722 novi
987 3669 1017 3722 et
1033 3666 1104 3722 huic
1122 3667 1256 3737 plantam
1270 3665 1449 3722 Brahuicam

174 3736 325 3794 referendo
341 3737 377 3792 ol.
390 3735 546 3792 Aitcbison
559 3741 677 3793 secutus
697 3751 774 3793 sum.

208 3835 257 3891 Ar.
269 3835 370 3906 magr.
386 3834 482 3892 India.

221 3989 250 4052 1.
278 3985 317 4054 S.
341 3985 560 4054 Grliiithli
586 3985 721 4070 (llunro
751 3981 826 4050 Mss.
857 4001 898 4049 ex
928 3983 1035 4048 Aitch.
1053 3981 1119 4048 Gal.
1144 3983 1178 4049 in
1205 3983 1323 4050 Journ.
1349 3981 1445 4046 Linn.

174 4077 246 4144 Soc.
276 4075 365 4152 XIX,
389 4095 419 4158 p.
449 4073 527 4160 191)
553 4092 712 4158 perenne,
743 4074 861 4140 culmis
888 4073 983 4139 elatis
1014 4071 1132 4139 validis
1163 4072 1334 4148 teretibus,
1362 4071 1448 4137 loliis

171 4165 458 4251 glaucescentibus
481 4164 596 4246 rigidis
626 4163 827 4246 longissimis
861 4161 1078 4245 planiusoulis
1097 4167 1238 4243 anguste
1266 4160 1449 4226 linearibus

174 4256 323 4338 margine
343 4253 555 4320 scaberrimis
584 4271 686 4318 nervo
721 4251 840 4318 subtus
872 4250 977 4316 valido
1009 4250 1095 4327 albo,
1115 4251 1264 4334 panicula
1292 4248 1450 4316 ramosis-

174 4345 257 4411 simd
286 4346 451 4411 contracti
480 4343 658 4410 lanceolata
676 4340 894 4408 albo-hirsuti
920 4339 1022 4406 ramis
1046 4339 1184 4416 strictis,
1202 4338 1344 4406 rachinis
1369 4339 1450 4402 arti-

174 4433 257 4500 culis
279 4431 495 4516 longiusoulis
518 4437 551 4499 et
579 4431 714 4516 spicula
734 4429 903 4514 pedicellis
920 4428 1053 4511 parcius
1074 4428 1221 4505 hirsutis,
1237 4427 1359 4511 glumis
1378 4427 1448 4491 lan-

173 4521 308 4590 ceolatis
337 4521 533 4590 acuminatis
558 4520 656 4587 dorso
682 4520 759 4604 pilis
787 4519 835 4585 eis
864 4517 1139 4586 subbrevioribus
1158 4517 1289 4600 parcius
1314 4515 1447 4596 obsitis,
