3252 5120
143 400 200 460 380
679 413 876 458 curassem
1286 396 1426 472 Scirpus.
1512 425 1515 431 ·

184 525 261 580 Hah.
277 525 309 580 in
322 525 455 592 caenosis,
469 523 584 580 Graecia
597 525 627 580 in
642 525 773 582 arenosis
794 523 953 580 maritimis
971 521 1091 579 Phaleri
1109 519 1217 591 (Heldr
1227 523 1258 592 t),
1271 522 1304 577 in
1325 521 1435 577 insula.

146 596 209 652 Seri
232 597 287 652 hos
301 595 376 663 (Sm.
388 595 514 666 Prodr.),
526 594 673 668 Olympus
688 595 839 667 Bithynus
853 596 885 650 in
896 593 983 650 subal
1005 595 1062 648 inis
1072 591 1197 662 (Clemtj
1220 607 1306 647 mons
1318 593 1429 664 Beryt-

146 613 230 738 daglij
244 667 395 723 Cataonia
410 665 547 734 (Haussk
557 667 586 736 i),
595 666 729 722 Libanus
752 667 790 722 ad
814 667 937 722 Dimam
957 669 968 734 (
997 665 1045 735 11),
1065 635 1320 746 Pontuslmzicus
1339 665 1439 719 mari·-

147 739 240 794 timus
250 739 287 794 ad
300 737 341 794 Ol
348 737 416 806 (Bal
425 739 455 808 t),
469 739 619 794 Caucasus
634 738 671 793 ad
685 739 825 793 Narzana
839 737 924 806 (Hoh
933 737 963 806 t),
972 735 1208 791 Transcaucasra
1218 734 1257 790 ad
1269 734 1427 791 Lenkman

148 810 187 865 ad
202 809 342 882 Caspium
362 810 408 878 (C.
422 810 456 865 A.
472 808 563 880 May),
577 808 745 879 Affghauiae
757 808 847 864 vallis
862 808 975 864 Kuram
991 807 1093 876 (Aitch
1103 809 1134 878 t).

184 909 231 964 Ar.
245 909 344 978 Csopr.
364 908 485 979 Europa
504 907 563 962 tere
578 909 649 980 tota
674 906 713 963 ab
735 907 847 978 anglia
870 909 900 962 et
925 906 1036 963 Gothia
1057 905 1096 960 ad
1117 905 1257 961 Rossiam
1285 903 1436 976 mediam.

148 979 280 1048 Medera,
294 979 410 1050 Sihiria,
424 977 511 1034 India
526 977 600 1049 bon,
617 979 717 1034 Africa
732 979 880 1049 australis,
895 977 983 1034 Nova
997 976 1172 1034 Hollaudia.

190 1157 220 1222 5.
239 1152 277 1222 S.
297 1152 419 1221 Savll
436 1151 527 1238 (Seb.
545 1158 578 1221 ci
603 1153 704 1222 ltaur.
722 1153 768 1218 Fi.
795 1154 887 1220 Rom.
909 1144 965 1240 ib)
991 1171 1135 1232 anricus
1153 1152 1262 1218 radice
1290 1152 1429 1232 abrosa.

144 1244 263 1312 culmis
279 1243 475 1310 fasciculatis
494 1243 698 1310 tenuissimis
716 1244 836 1309 erectis
863 1243 1001 1322 strictis,
1022 1242 1146 1326 vaginis
1177 1241 1373 1308 hasilaribus
1390 1241 1431 1307 in

146 1332 283 1400 limbum
314 1333 483 1399 soliassum
516 1332 706 1399 subulatum
737 1333 871 1400 brevem
902 1333 1114 1404 abeuntibus.
1132 1331 1257 1416 spicula
1277 1331 1425 1397 solitaria

145 1423 199 1489 vel
216 1421 302 1489 binis
318 1420 573 1488 sublateralibus
590 1421 704 1498 oratis,
723 1421 821 1488 culmi
847 1439 1004 1504 processu
1021 1441 1039 1486 a
1056 1421 1125 1487 basi
1144 1422 1277 1488 diluisti
1296 1425 1426 1486 setacec

145 1511 281 1595 spiculis
298 1511 419 1592 sapius
438 1511 605 1590 breviore,
624 1511 744 1593 glumis
764 1510 868 1577 ovatis
897 1511 1047 1578 concavis
1063 1509 1263 1576 mucronatis
1281 1508 1425 1592 longitu-

145 1600 299 1668 dinaliter
324 1599 499 1683 plicatutiS,
529 1600 737 1683 stigmatibus
769 1601 882 1678 ternis,
907 1601 1038 1666 naeniis
1059 1599 1203 1665 minimis
1229 1597 1437 1665 orbiculato--

144 1690 281 1772 trigonis
306 1688 525 1755 iniustissime
543 1689 752 1772 punctulatis,
769 1691 848 1757 setis
869 1690 968 1756 nullis
988 1695 1036 1768 Θ.
1051 1685 1271 1754 Rchb.Germ.
1284 1687 1336 1770 fig.
1348 1688 1423 1752 tlt.

143 1813 188 1828 -
204 1776 256 1844 Sc.
269 1776 451 1862 fitisormis
468 1776 543 1842 Sari
562 1777 608 1843 lli.
620 1777 729 1846 Pisan.
744 1817 784 1826 -
798 1777 937 1858 Isolcpia
957 1777 1065 1844 tenuis
1084 1776 1190 1844 Presl.
1206 1811 1248 1825 -
1266 1775 1292 1840 I.
1312 1773 1425 1841 Sicula

144 1868 250 1934 Prest.
270 1905 312 1914 —
338 1865 477 1947 Scirpue
503 1865 729 1932 Numidicam
753 1866 835 1934 Vahl
861 1867 977 1934 Ecum.
1010 1869 1041 1948 b,
1066 1868 1142 1931 tit.
1164 1900 1207 1914 -
1228 1865 1253 1930 Ι.
1272 1881 1432 1949 ρμρνηωω

147 1957 214 2022 K‘h.
232 1955 311 2040 Cyp.
333 1976 362 2040 p.
383 1958 458 2022 191.
476 1991 519 2002 —
538 1956 566 2022 Ι.
583 1955 715 2036 riparia
733 1958 773 2023 R.
791 1955 847 2022 Br.
867 1956 986 2022 Prodr.
1008 1958 1084 2021 ibt.

182 2067 261 2122 Hah.
280 2069 310 2122 in
326 2067 459 2123 arenosis
472 2067 604 2122 humidis
622 2071 649 2123 et
665 2067 790 2123 caenosis
813 2067 929 2122 Graecia
943 2068 973 2122 in
986 2068 1091 2124 Atticae
1104 2067 1257 2123 montibus
1271 2067 1426 2123 Pentelico

149 2141 178 2193 et
196 2139 307 2194 Parnes
326 2143 354 2193 et
378 2139 416 2194 ad
444 2138 604 2194 Chelidoni
629 2137 768 2207 (Heldrtt,
793 2111 866 2195 belo
889 2154 1020 2195 onncsus
1044 2139 1082 2194 ad
1112 2139 1256 2194 Cumusta
1280 2137 1418 2209 (piculi),

150 2209 276 2264 Rhodus
289 2209 401 2280 (Bourg
414 2212 443 2282 l),
458 2209 544 2265 Creta
556 2210 587 2264 in
603 2215 704 2265 monte
718 2210 848 2278 Cofino(
880 2209 944 2266 eldr
953 2213 984 2282 t),
996 2209 1101 2266 Cilicia
1114 2210 1217 2278 (Peri),
1237 2209 1324 2281 Syria
1339 2211 1421 2265 litto·

148 2279 220 2335 ralis
235 2279 272 2335 ad
287 2279 401 2352 Tripoli
416 2280 508 2352 (Bit),
527 2281 564 2336 ad
583 2281 641 2336 Ain
654 2281 777 2336 Zehalta
792 2281 915 2353 (Posti).

178 2377 227 2432 Ar.
256 2375 358 2504 (iacgr.
374 2377 495 2449 Europa
510 2375 600 2432 occid.
616 2376 798 2432 claustralis
812 2377 844 2432 in
855 2376 977 2448 Anglia
999 2376 1098 2432 Gallia
1119 2375 1210 2432 occid.
1232 2380 1262 2432 et
1290 2375 1427 2446 australi.

146 2447 302 2520 Hispania,
342 2448 481 2511 usitania,
494 2446 588 2511 ltalia,
602 2447 763 2517 Dalmatia,
778 2448 877 2502 Africa
895 2447 1030 2516 borealis,
1049 2446 1301 2519 btadcra,1nsulae
1325 2446 1423 2502 Caua-

146 2519 258 2575 rienses
271 2523 300 2575 et
318 2521 457 2592 Acoridos,
470 2519 609 2575 America
623 2518 761 2590 borealis,
775 2519 863 2574 Nova
877 2518 1051 2575 Hollandia.

189 2703 218 2766 6.
236 2705 277 2768 S·
298 2701 494 2786 supinus
510 2700 562 2788 (L.
582 2701 638 2786 Sp.
657 2700 713 2788 ta)
732 2701 1139 2782 acrinusradicebbrosa,
1154 2701 1270 2768 culmis
1284 2703 1434 2769 fascicu-

144 2792 217 2859 tatis
236 2791 490 2858 ascendentibus
518 2798 550 2858 et
578 2792 697 2860 erectis
719 2792 938 2860 mediocribus
959 2792 1121 2858 teretibus
1147 2792 1272 2858 strictis
1294 2792 1421 2857 inferne

142 2881 303 2963 vaginatis
331 2881 447 2961 vagina
475 2882 648 2963 superiore
676 2882 709 2946 in
738 2881 1071 2948 toliumsubutatum
1100 2882 1253 2962 abeunte,
1284 2880 1424 2963 spiculis

140 2970 400 3052 ovato-oblongis
428 2970 600 3037 sessilibus
632 2971 883 3038 infasciculum
912 2971 1081 3037 lateralem
1106 2969 1299 3052 aggregatis,
1321 2968 1421 3035 culmi

140 3076 298 3142 processu
323 3063 431 3124 erecto
458 3059 661 3142 longissimo,
679 3061 800 3141 grumis
822 3061 926 3128 ovatis
948 3059 1098 3125 concavis
1117 3060 1215 3125 dorso
1234 3057 1420 3125 virentibus

140 3147 354 3231 plurinerviis
372 3149 518 3230 margine
534 3149 794 3216 tusco-scariosis
806 3150 897 3232 apice
912 3149 1040 3215 obtusis
1055 3148 1292 3216 mucronulatis
1311 3151 1420 3212 trans-

139 3254 235 3302 verse
260 3235 439 3318 manicata,
459 3237 539 3302 sctis
562 3237 661 3304 nullis
682 3246 733 3318 Θ.
752 3237 795 3304 lc.
814 3239 914 3306 Rchb.
935 3235 1044 3304 Germ.
1069 3241 1093 3302 t.
1121 3238 1196 3303 aba.
1218 3273 1261 3286 -
1280 3235 1423 3318 lactepts

139 3323 263 3405 supino
281 3324 318 3389 R.
338 3327 392 3390 Br.
409 3325 526 3391 Prodr.
545 3345 579 3409 p.
600 3328 652 3392 it.

176 3434 252 3491 Hah.
266 3437 298 3490 in
313 3436 445 3491 arenosis
459 3439 488 3491 et
503 3436 618 3521 limosis
632 3437 775 3520 humidis,
786 3439 902 3523 Graecia
915 3439 947 3494 in
961 3438 1074 3494 Boeotia
1085 3438 1123 3494 ad
1133 3437 1309 3509 Herkynam
1323 3453 1418 3565 frop&

141 3506 311 3562 Lebadeam
326 3507 472 3578 (Heldrt).
488 3507 634 3564 Cataoma
654 3509 694 3565 ad
710 3509 857 3582 Graurgol
875 3525 968 3583 prope
983 3510 1119 3566 Marasch
1133 3509 1309 3580 (Halaesini),
1335 3509 1419 3565 bena

143 3576 251 3647 (Wilh.
265 3593 302 3634 ex
314 3577 446 3648 Ledeb.).

185 3676 395 3761 prasinianus.
417 3715 460 3724 —
486 3678 656 3746 Polliceris
682 3680 835 3748 omnibus
855 3683 1004 3764 partibus
1022 3681 1215 3748 diminutus.
1245 3719 1275 3730 -
1295 3679 1326 3747 S.
1347 3679 1429 3761 pol--

141 3765 258 3831 licerio
277 3765 348 3832 Del.
371 3767 420 3832 lli.
441 3789 470 3852 p.
491 3769 543 3833 11.

176 3875 255 3933 Hab.
270 3879 300 3932 iu
320 3878 438 3950 Egypto
453 3880 593 3936 interiore
606 3879 688 3948 (Del.
703 3879 833 3952 Sohimp.
852 3879 887 3937 31
897 3884 927 3952 t),
940 3881 978 3937 ad
999 3881 1152 3937 Abuaabcl
1165 3880 1368 3951 (Schwetnit).
1382 3911 1419 3920 -

139 3947 261 4020 Iactepis
274 3950 418 4020 prosim
432 3950 532 4006 Stend.
549 3952 633 4024 cyp„
647 3967 675 4024 p.
695 3951 739 4006 45.

184 4045 376 4135 ydtpyaua.
397 4083 437 4093 -
456 4047 569 4131 Stytus
593 4047 728 4130 bifidus,
747 4049 866 4117 nucula
889 4050 1085 4117 orbicularis
1108 4049 1417 4118 lenticulari-bicon-

140 4153 222 4203 vera
238 4141 428 4202 transverse
445 4136 591 4206 obsoleto
610 4143 643 4203 et
662 4140 849 4220 praesertim
863 4157 982 4207 versus
1003 4141 1168 4222 margines
1188 4139 1355 4223 rugulosa.
1373 4171 1416 4184 --

141 4223 173 4290 S.
188 4223 348 4290 uninodie
366 4223 436 4292 Det.
455 4225 571 4292 Desor.
598 4227 654 4308 Eg.
673 4247 703 4312 p.
724 4229 786 4293 rsa
807 4229 869 4296 suh
889 4229 1050 4311 Isotepidc
1066 4228 1130 4296 tab.
1152 4231 1183 4312 6,
1202 4230 1256 4312 fig.
1284 4233 1312 4295 t.

173 4334 253 4391 Hah.
270 4335 301 4390 in
317 4335 436 4408 Egypto
449 4337 587 4393 interiere
599 4352 692 4410 prope
708 4338 879 4394 Damiatam
894 4339 1031 4411 (Datin).

175 4429 264 4486 Hanc
277 4431 451 4487 varietatem
465 4432 496 4488 in
557 4436 629 4506 ypto
644 4433 822 4488 recentiores
841 4449 902 4491 non
915 4436 1157 4505 observaverunt,
1171 4435 1223 4491 sad
1247 4435 1281 4493 cl.
1301 4435 1425 4490 Cosson«

140 4501 173 4556 in
188 4499 234 4555 Ex
257 4500 277 4556 l.
292 4501 336 4559 Sc.
349 4504 445 4574 Alger.
461 4519 489 4575 p.
503 4503 537 4560 31
568 4519 637 4560 eam
648 4518 686 4559 ex
699 4504 915 4576 speciminibus
923 4521 1005 4577 prov.
1017 4507 1159 4562 Cirtensis
1171 4506 1277 4563 Airtcre
1285 4505 1417 4562 borealis

138 4587 161 4629 a
175 4571 210 4626 cl.
250 4577 416 4630 etoumeux
428 4589 521 4648 prope
532 4573 577 4632 La
592 4574 675 4632 Galle
688 4574 772 4632 lectis
782 4575 945 4649 descripsit.
962 4577 1070 4634 Cautes
1081 4577 1221 4634 aDelileo
1230 4577 1339 4651 trigoni
1345 4576 1427 4633 dicti.
