3218 5124
162 351 293 420 lolium,
718 373 888 418 naumurum
1390 361 1447 422 679

197 481 298 538 Culmi
312 496 379 538 cum
393 484 475 554 spica
486 481 592 554 pedem
605 483 764 540 dimidium
777 486 928 542 interdum
938 485 1030 554 longa
1041 481 1234 568 bipedales,
1251 485 1377 558 apiculae
1389 485 1445 544 5-ss

163 549 261 608 lineas
274 553 380 624 longae.
391 553 509 626 Species
523 554 633 625 glumis
650 559 680 611 et
692 554 844 627 glumellis
856 556 996 612 omnibus
1010 555 1129 611 muticrs
1144 556 1175 609 in
1212 571 1297 612 euere
1313 558 1444 628 insignis

163 623 239 680 faeie
255 621 410 697 Apropyri
422 628 451 680 et
468 641 538 680 cnm
559 625 616 682 hoc
640 641 745 696 genere
764 628 925 684 transitum
944 626 1082 699 praebens
1119 572 1258 700 AEprffopi
1278 633 1378 684 tamen
1402 629 1444 687 ob

165 696 340 751 affinitatem
354 711 422 751 cnm
434 695 487 752 AE.
501 695 636 752 Aucbcri
648 698 775 782 aliisque
788 701 818 753 et
839 697 877 754 ob
894 695 1027 770 apiculas
1046 669 1236 769 subiungidas
1260 697 1444 771 glumasque

161 767 245 838 apice
260 769 411 823 truncatas
425 772 454 822 et
468 767 665 824 denticulatae
679 774 779 842 aptius
791 768 1025 825 adnumeranda.

602 1011 741 1088 loiron
768 1013 813 1107 (c.
835 1011 909 1086 can.
930 1011 1000 1106 es).

206 1227 348 1313 Spicula
367 1229 523 1295 solitariae
541 1230 765 1296 3-mullill0rae
780 1229 815 1320 in
833 1228 969 1296 racheos
981 1230 1144 1296 excisuris
1161 1231 1297 1298 sessiles
1315 1231 1442 1298 racbidl

159 1319 335 1384 contrariae
352 1324 385 1386 et
404 1319 435 1386 ei
452 1321 552 1386 latere
574 1337 633 1386 nec
650 1319 730 1384 lacis
749 1320 919 1400 contigua.
937 1317 1063 1385 Glumae
1080 1319 1253 1403 inspienti
1275 1321 1442 1390 terminali

164 1403 250 1472 binae
261 1408 513 1492 subaeqnalesin
528 1409 657 1474 cacteris
669 1409 762 1475 unica
778 1409 817 1472 ad
831 1410 916 1474 lalus
930 1413 1102 1474 externum
1117 1409 1306 1491 spiculata
1325 1409 1448 1476 herba·

160 1513 217 1572 cea
229 1498 322 1562 lirma
342 1499 554 1564 canaliculala
575 1497 693 1564 mulica
706 1498 1087 1581 plurinervis.‘llnmella
1100 1497 1258 1564 herbacea
1269 1497 1359 1580 apice
1370 1517 1442 1564 sea·

161 1585 250 1650 riosa
271 1603 411 1654 concava
432 1589 551 1652 mntica
572 1588 622 1652 vel
639 1589 786 1664 arietata,
810 1585 901 1671 palea
920 1585 1085 1652 bidentala
1104 1586 1281 1652 bicarinala
1301 1588 1342 1652 ad
1357 1589 1442 1654 cari-

162 1692 222 1740 nas
240 1675 357 1740 cilialn.
380 1673 567 1758 Squamula
585 1674 670 1740 binae
694 1676 813 1758 glabrae
835 1676 970 1757 integre
996 1677 1047 1740 vel
1076 1676 1283 1758 inaequaliter
1310 1675 1440 1743 bilobae.

161 1762 308 1829 Stamina
326 1764 399 1831 tria.
420 1764 575 1846 Stigmata
592 1765 667 1832 bina
690 1765 818 1832 sessilis
849 1765 1000 1846 plumosa
1024 1764 1064 1830 ad
1090 1763 1184 1829 basin
1212 1763 1304 1831 floris
1335 1783 1443 1830 emer·

161 1854 281 1933 gentia.
320 1851 498 1937 Garyopsis
528 1854 666 1935 oblonga
698 1853 811 1936 glabra
842 1856 958 1917 ventre
989 1853 1194 1920 subconcava
1221 1855 1289 1920 bilo
1325 1855 1442 1922 lineari

161 1941 313 2025 elongato
330 1949 438 2008 notata
456 1943 621 2025 glumellae
640 1943 805 2026 superiori
831 1941 1013 2008 adhaerens.
1033 1977 1071 1989 -
1100 1941 1218 2008 Herbae
1242 1959 1360 2010 annum
1389 1943 1443 2012 vel

162 2049 338 2113 perennes.

632 2245 641 2266 ·
664 2243 974 2300 Flosculilancenlati.

209 2400 236 2462 l.
265 2397 308 2463 L.
339 2413 538 2482 perenne
568 2395 618 2482 (L.
647 2396 703 2480 Sp.
735 2399 811 2480 lii)
840 2413 993 2480 perenne,
1023 2397 1132 2462 radice
1164 2397 1287 2463 librosa
1314 2398 1442 2466 culmos

162 2485 320 2552 ilorentes
337 2493 463 2554 erectos
477 2488 526 2551 vel
541 2487 759 2554 ascendentes
776 2493 808 2551 el
820 2487 971 2552 loliorum
982 2486 1153 2554 fasciculos
1167 2487 1299 2552 steriles
1312 2487 1444 2566 edente,

163 2575 249 2641 loliis
271 2575 453 2642 linearibus
475 2577 614 2642 novellis
643 2575 837 2659 simpliciter
866 2575 1082 2658 complicatis,
1114 2576 1204 2657 spica
1230 2579 1350 2658 erecta,
1374 2577 1442 2658 spi·

163 2663 247 2730 culis
273 2665 420 2747 oblongis
446 2665 647 2746 compressis
676 2664 864 2730 3-ll-lloris
893 2665 1004 2747 glomi
1034 2665 1212 2731 lanceolata
1237 2665 1443 2734 acutiuscula

162 2753 376 2835 longioribus,
392 2753 541 2819 flosculis
559 2753 746 2819 lanceolatis
764 2753 894 2820 mulleis
912 2755 959 2825 fil.
974 2752 1056 2819 Host
1075 2751 1185 2819 Gram.
1203 2753 1227 2836 l,
1247 2753 1311 2818 tab.
1332 2755 1385 2819 ili.
1400 2790 1443 2806 -

162 2837 267 2907 Rclrb.
288 2842 411 2917 Germ,
429 2843 480 2924 fig.
498 2843 573 2907 235.

198 2965 268 3022 Hab
292 2969 323 3022 in
340 2957 443 3040 pratia,
463 2965 500 3021 ad
519 2965 584 3020 vias
599 2965 725 3038 probab.
739 2965 831 3021 tetius
843 2965 968 3021 ditionis
981 2966 1013 3020 in
1024 2965 1148 3035 regione
1163 2964 1298 3021 inferiori
1312 2967 1342 3020 et
1357 2979 1443 3022 mon-

164 3039 245 3093 tana.
267 3038 336 3094 Vidi
361 3053 397 3094 ex
423 3038 521 3093 Attica
547 3037 697 3109 (Sprunl)‚
722 3038 840 3110 regione
862 3035 995 3091 abietina
1018 3036 1137 3092 AEtoliae
1163 3035 1321 3107 (Samari),
1350 3037 1442 3092 Chios

164 3107 301 3180 (Orphll,
321 3110 408 3165 Creta
419 3107 508 3178 (Rani
518 3110 548 3178 l),
563 3109 709 3179 Byzantio
724 3108 835 3176 (Coum
845 3109 876 3178 l),
898 3107 1037 3164 Anatolii
1051 3107 1152 3176 (Auch
1163 3110 1193 3178 l),
1215 3108 1264 3162 Cis
1283 3111 1312 3162 et
1332 3108 1442 3166 Trans·

162 3182 304 3236 eancasia
317 3180 467 3250 (Ledeb.),
482 3179 581 3250 Cypro
603 3180 707 3250 (Kyl),
731 3179 817 3250 Syrie
838 3177 962 3234 littorali
983 3181 1012 3233 et
1031 3179 1169 3234 interiore
1194 3179 1233 3234 ad
1259 3180 1441 3239 Damascum

160 3250 296 3322 (Gailll),
310 3251 424 3308 Libano
438 3266 529 3322 supra
541 3251 666 3307 Dimem
679 3250 727 3319 (Bl
737 3252 766 3320 l),
781 3250 897 3322 Egypto
911 3250 951 3306 ad
962 3248 1116 3306 Rosettam
1129 3252 1158 3306 et
1168 3249 1313 3306 Kahiram
1323 3249 1399 3320 (Ebu
1410 3253 1444 3322 i).

198 3360 248 3414 Ar.
261 3361 365 3430 (iacgr.
380 3359 500 3431 Europa
513 3361 585 3430 tota,
598 3358 699 3414 Africa
710 3357 850 3413 borealis.

203 3540 235 3604 i.
255 3540 296 3606 L.
311 3539 612 3608 multiflorum
629 3539 745 3627 (Gand.
765 3541 898 3618 Helai,
916 3561 949 3624 p.
969 3541 1215 3628 sellariorum
1234 3543 1284 3608 vel
1303 3543 1436 3625 bienno,

161 3629 272 3694 radice
293 3630 414 3695 librose
430 3629 600 3696 fasciculos
618 3632 750 3696 steriles
765 3649 829 3695 nnn
849 3630 978 3711 edente,
994 3632 1081 3698 loliis
1099 3632 1280 3698 linearibus
1303 3632 1440 3711 novellis

158 3717 358 3796 convolutis,
376 3719 467 3802 spici
484 3722 592 3786 erecti
609 3723 769 3802 elongata,
790 3720 927 3802 spiculis
945 3721 1132 3786 lanceolalis
1151 3720 1338 3786 i-ill-iloris
1357 3739 1444 3788 com·

163 3808 289 3889 pressis
307 3809 418 3890 glomi
436 3810 613 3875 lanceolata
627 3811 853 3875 obtusiusculi
871 3809 972 3891 triplo
989 3809 1204 3892 longioribus,
1216 3809 1362 3876 flosculis
1375 3811 1445 3876 lan·

160 3896 297 3962 ceolalis
315 3897 445 3964 muticis
467 3897 519 3962 vel
544 3898 691 3964 breviter
708 3899 854 3965 aristalle
876 3904 930 3976 Θ.
957 3897 1059 3966 Rcbb.
1088 3897 1200 3965 Germ.
1226 3901 1280 3981 fig.
1304 3900 1378 3966 284.
1400 3935 1445 3951 -

163 3982 200 4049 L.
223 3984 540 4052 concineretur.
560 3985 599 4052 It.
623 3992 654 4070 1,
672 3988 745 4052 532.
1349 4031 1352 4038 .

198 4107 276 4165 Hab.
290 4109 322 4166 in
357 4110 523 4179 raminosis,
539 4111 667 4166 formam
681 4112 825 4168 muticam
841 4110 937 4167 solam
950 4111 1107 4185 hueusque
1120 4128 1136 4169 e
1151 4112 1265 4169 ditione
1282 4112 1354 4168 vidi.
1379 4112 1443 4169 Ma·

158 4180 285 4262 cedonie
296 4185 325 4236 et
338 4125 469 4238 9l'hracia
480 4182 636 4252 (Grisebl),
654 4183 760 4240 Cilicia
774 4183 881 4252 (Peri),
904 4183 992 4256 Syria
1012 4183 1152 4240 littoralis
1173 4184 1238 4252 (ΒΗ
1253 4183 1334 4241 Gaill
1344 4185 1374 4256 l),
1389 4183 1446 4240 Pe-

162 4247 277 4306 lestrnae
296 4253 413 4308 deserta
436 4253 474 4308 ad
496 4253 653 4309 meridiem
675 4253 757 4310 Gaza
777 4254 919 4326 (Boiai),
937 4255 1074 4328 Egyptus
1091 4255 1216 4311 inferior
1233 4256 1374 4325 (Samari
1396 4255 1446 4317 W,

159 4318 280 4394 Barbey
290 4325 311 4394 l)
323 4328 353 4378 et
364 4324 398 4378 in
412 4323 483 4380 Oasi
496 4329 607 4396 magna
622 4324 725 4394 (Srhw
734 4329 765 4396 l).

206 4435 239 4517 β.
254 4433 428 4518 pometum.
449 4473 492 4483 —
511 4435 617 4502 Gulmi
634 4437 869 4505 decumbentes
886 4438 1134 4524 i-t-pollieeres
1149 4439 1188 4506 A.
1202 4437 1237 4506 L.
1255 4441 1350 4506 tenue
1370 4457 1443 4510 rar.

161 4540 352 4608 compresso
370 4525 506 4609 spiculis
527 4524 638 4609 glumi
654 4525 755 4610 duplo
775 4527 977 4610 longioribus
992 4527 1194 4596 distinctum.
