3192 5102
94 355 184 412 traca.
612 361 781 406 ,turnacum
1302 353 1338 410 w

41 477 42 524 ἲ
119 473 181 530 ilsb.
196 471 223 526 in
245 469 364 538 regione
389 471 530 526 monmnt
545 469 637 526 Tauri
653 471 769 528 Ciliciei
786 485 880 544 prope
906 467 1005 526 Gtilak
1032 470 1152 596 Bogbaz
1172 470 1252 540 (Bal.
1268 472 1335 531 823!

41 575 43 628 p
91 548 133 616 Ky.
145 542 221 614 3161),
234 543 264 597 in
275 539 391 596 libano
405 543 481 596 inter
500 541 621 597 Dimam
634 546 662 599 et
677 542 781 598 Harun
795 541 884 612 (Bit).
902 539 951 596 Fl.
969 541 1049 613 Sept.
1093 545 1129 598 ot.

41 677 42 710 2
118 644 182 698 inter
202 639 362 713 specimina
387 638 459 694 acl.
475 638 605 696 Balanea
627 639 749 696 collecta
774 640 916 696 transitus
937 639 1091 695 manifesti
1105 639 1182 697 inter
1195 642 1336 713 stigmata

89 715 127 769 rix
138 713 255 769 lobulata
270 715 300 766 et
311 709 460 766 multifida
476 712 571 767 multo
587 713 699 767 rariora
713 712 833 768 adsunt.

41 845 43 922 f
121 863 145 928 t.
169 861 207 928 C.
228 856 572 926 Karduohorum
591 858 751 945 (Kotscby
784 860 817 924 in
846 859 892 943 pl.
915 857 1213 924 cilicino-Kardicae
1234 859 1335 946 1859)

90 949 166 1018 torni
178 948 321 1034 spirarioi
339 947 458 1013 tunicis
472 949 626 1014 tenuibus
644 948 901 1016 membranaceis
916 952 1055 1030 paroeat
1071 949 1333 1030 parallelelibro-

89 1041 123 1105 sis
137 1057 223 1121 supra
238 1039 363 1122 apicem
384 1036 486 1103 cormi
509 1037 543 1102 in
572 1037 705 1105 lacinias
723 1036 1128 1103 thraso-membranaceas
1150 1038 1331 1120 productis,

89 1128 154 1196 loliis
169 1125 397 1213 bysterantlriis
415 1127 473 1193 sed
488 1145 593 1210 usque
608 1127 648 1193 ad
669 1127 872 1194 ssorationem
889 1125 965 1190 anni
985 1125 1195 1210 insequentis
1212 1129 1335 1210 persis-

87 1217 204 1284 tentibus
215 1217 362 1298 angustis
372 1215 494 1298 glabris
508 1215 799 1298 brevibusspatta
811 1214 946 1298 proprii
957 1214 1083 1296 vaginis
1097 1233 1161 1280 non
1176 1217 1334 1298 longiore.

90 1307 150 1372 lore
162 1305 334 1373 tuttrmnali
353 1305 625 1380 vinoso-lilacino,
643 1305 802 1389 perigenii
819 1305 899 1371 labo
921 1302 1018 1369 limbo
1033 1304 1159 1386 i·3·plo
1178 1305 1334 1388 longiore,

89 1395 185 1462 laciniis
200 1393 350 1476 ellipticis
364 1393 480 1460 obtuse
491 1395 696 1473 acuminatis,
713 1395 806 1461 lause
820 1392 1001 1472 concolora,
1018 1393 1185 1461 filamento
1198 1395 1335 1464 antbert

90 1483 182 1564 palliis
205 1485 289 1550 ilasi
321 1481 455 1548 dimidio
486 1483 650 1565 breviore,
679 1483 889 1565 stigmatibus
921 1482 1075 1548 antberas
1098 1484 1334 1551 excedentibus

41 1615 42 1628 ,
88 1574 172 1640 lacteis
199 1575 228 1640 in
263 1571 399 1638 lacinias
443 1565 615 1656 capillares
653 1571 827 1640 multifidis
867 1579 912 1646 tt.
942 1568 980 1634 G.
1013 1569 1095 1636 blau
1125 1573 1207 1639 Gen.
1239 1571 1331 1639 Groe.

88 1661 178 1726 tabi.
912 1665 915 1670 “

110 1773 171 1828 Hab.
185 1775 213 1829 in
228 1773 383 1830 montibus
396 1773 545 1828 Armeniae
570 1771 708 1828 Kardicae
733 1773 810 1828 inter
832 1771 944 1828 Miikiia
968 1775 996 1828 et
1010 1773 1155 1829 Schirvau
1169 1773 1249 1832 6000’
1266 1773 1335 1848 (Ky.

86 1843 207 1984 ῗᾱΜὶιέἓᾶ.
232 1846 276 1900 Fl.
306 1843 491 1917 Septembris
519 1845 586 1900 fine.
603 1844 687 1900 ·Non
705 1845 778 1900 vidi.
813 1843 874 1913 (Ex
895 1844 985 1900 deser.
1009 1847 1039 1900 et
1064 1845 1152 1902 icone
1175 1845 1210 1902 cl.
1227 1849 1255 1902 et
1275 1861 1333 1902 am.

107 2010 191 2066 ranas
204 2009 231 2066 C.
246 2009 354 2067 eonati
372 2025 499 2083 quocum
517 2027 535 2065 a
552 2011 587 2066 al.
603 2009 700 2066 Baker
727 2009 870 2065 coniusus
896 2010 954 2066 luit
972 2014 1001 2066 et
1019 2026 1110 2082 aquo
1136 2011 1328 2082 stigmatibus

86 2083 324 2153 umeisproiunde
338 2081 595 2152 multifidis,iauee
606 2082 763 2164 concolori,
777 2081 942 2138 etadiffert.
958 2082 1044 2138 Folia
1056 2083 1164 2140 lineam
1177 2083 1331 2140 dimidiam

85 2151 133 2222 lats,
152 2153 291 2224 perigonii
308 2153 402 2208 tubus
415 2153 464 2208 2-2
477 2153 682 2224 ¹s2-pollicaris
709 2151 825 2208 laciniae
841 2153 978 2225 pollicem
996 2152 1093 2225 longae
1108 2156 1126 2211 5
1140 2155 1236 2210 lineas
1252 2154 1330 2210 latae.

85 2224 169 2294 spatha
182 2223 294 2280 besalis
310 2238 407 2296 usqua
423 2226 461 2280 ad
475 2225 589 2296 apicem
604 2225 700 2280 orarii
715 2224 868 2296 producta.

112 2373 136 2436 l.
155 2371 191 2439 G.
216 2369 428 2440 Btttrotctt
456 2371 509 2458 (G.
532 2373 612 2440 blaw
640 2373 671 2438 in
700 2371 778 2456 litt.)
808 2373 909 2439 cormi
929 2374 1014 2439 orati
1039 2373 1159 2440 tunicis
1186 2374 1332 2440 tenuiter

85 2459 456 2528 lirosa-membranaceis
472 2463 601 2528 interne
628 2463 661 2528 in
681 2461 813 2529 lacinias
832 2467 988 2544 angustas
1007 2463 1136 2543 solutis,
1148 2463 1234 2529 loliis
1252 2463 1329 2530 snb·

41 2607 43 2622 ,
83 2551 162 2616 tarnis
181 2550 368 2633 synantbiis
394 2551 516 2633 glabris
531 2552 593 2618 sub
614 2551 740 2618 antbesi
769 2550 929 2636 perigonii
962 2551 1086 2618 lancem
1110 2553 1329 2634 aquatilibus,

83 2639 316 2726 spatha-propria
334 2639 471 2723 simplici
491 2640 617 2707 interne
646 2640 800 2707 tribulosa
817 2640 975 2723 perigenii
996 2641 1074 2708 tubo
1098 2641 1328 2724 subbrevtore,

81 2728 207 2810 perigonii
237 2730 371 2796 intense
395 2729 712 2812 purpureo-violacei
742 2730 820 2796 tubo
849 2731 948 2796 limbo
982 2729 1136 2813 tta-plo
1168 2731 1327 2812 longiore,

83 2817 178 2883 laciniis
196 2817 561 2902 oblongo-spallitrlatis,
580 2820 670 2885 lance
690 2819 882 2896 intensiore,
903 2819 1069 2886 filamento
1087 2819 1222 2884 anthera
1240 2822 1328 2886 lutet

82 2901 148 2971 breti
165 2908 301 2975 dimidio
317 2907 479 2990 breviora,
497 2907 703 2988 stigmatibus
719 2907 916 2977 aurantiaois
931 2909 1083 2975 antheras
1105 2908 1328 2976 subexceden-

81 2993 144 3060 libus
158 2998 291 3063 clavatis
312 2996 506 3064 brevissime
523 2997 696 3063 fimbriatis
718 3007 761 3072 9!-
782 2994 821 3062 G.
839 2995 919 3065 Maw
936 2997 1019 3064 Gen.
1039 2997 1130 3063 Groo.
1149 2997 1215 3062 lab.
1230 2999 1282 3064 17.

99 3107 200 3164 liubin
213 3109 372 3166 montibus
388 3109 475 3164 Ponti
489 3123 577 3180 supra
588 3110 804 3182 'trapezuntem
821 3125 874 3181 pro
898 3125 1039 3183 epagum
1052 3110 1175 3167 Stavros
1196 3111 1249 3178 [A.
1266 3111 1328 3166 Bri-

78 3176 162 3250 llottil).
180 3182 222 3236 Fl.
238 3181 333 3237 Maio.
352 3180 437 3249 (Vidi
451 3181 599 3252 specimen
615 3182 645 3236 in
659 3181 740 3237 herb.
755 3183 788 3236 cl.
802 3181 837 3237 G.
886 3185 956 3252 ew.)

100 3273 168 3331 Folia
186 3278 243 3333 sub
268 3277 390 3333 anthesi
413 3275 631 3358 3·45pollicarie
651 3279 786 3348 augusta.
811 3277 925 3350 Spatha
942 3277 1056 3333 besalis
1076 3277 1215 3332 orarium
1231 3278 1328 3334 multo

78 3347 188 3404 uadens
216 3350 359 3420 spatham
375 3363 428 3420 pro
450 3363 523 3402 riam
549 3349 608 3404 iere
638 3363 770 3420 aequam,
797 3351 943 3420 perrgonir
969 3349 1086 3404 laornrae
1110 3365 1163 3403 vrx
1183 3348 1326 3419 pollicem

78 3415 154 3488 longe.
167 3420 266 3476 Facies
283 3420 406 3475 omnino
423 3363 452 3475 ὃ.
468 3417 545 3475 aerii
560 3419 668 3474 tunicis
687 3419 890 3475 circumscisse
910 3420 1071 3490 annulatis,
1086 3421 1200 3492 spathae
1214 3420 1331 3477 besalis

77 3485 208 3546 deficientia
222 3495 367 3547 caeterum
381 3490 504 3548 omuino
519 3489 618 3546 alieni.

105 3641 128 3703 8.
143 3635 182 3704 (l.
200 3639 422 3708 Boissierl
442 3638 496 3725 (G.
515 3641 596 3705 Matr
626 3641 659 3706 in
678 3641 749 3723 litt.)
768 3642 869 3706 cormi
891 3640 1069 3722 tunicis....‚
1089 3641 1205 3724 spatha
1224 3642 1325 3708 basali

78 3729 193 3796 uniralvi
210 3729 320 3810 brevi,
341 3729 424 3796 loliis
442 3730 677 3814 subquaternis
701 3730 884 3813 synantlrlis
908 3731 1021 3795 liorem
1054 3730 1326 3812 subaquantibus

78 3812 226 3886 laicacalis
243 3818 506 3904 glabris,spatha
523 3820 656 3903 proprii
670 3820 879 3903 monophyllat
892 3819 1166 3902 rubro-punctuli
1181 3824 1327 3902 exserti,

76 3903 133 3970 lore
161 3910 287 3974 vernali
325 3909 409 3990 albo,
446 3909 604 3992 perigenii
637 3909 716 3975 tubo
749 3908 846 3974 limbo
883 3907 983 3991 duplo
1017 3908 1162 3990 longiore
1194 3909 1322 3976 laciniis

76 4004 182 4075 angusta
205 3997 559 4081 oblongo-spathulalis
594 3999 667 4066 basi
700 3999 794 4080 longe
822 3998 1011 4076 attenuatis,
1037 3997 1215 4063 filamentis
1240 3992 1324 4064 albis

76 4084 179 4152 antbert
208 4089 301 4154 lutea
333 4087 434 4170 duplo
461 4087 674 4170 longioribus,
691 4087 782 4153 lance
801 4088 923 4168 glabra,
947 4087 1154 4169 stigmatibus
1173 4086 1328 4153 antheras

78 4176 251 4255 aequmtibus
270 4177 408 4242 clavatis
428 4176 626 4242 aurantiacis
639 4177 837 4244 brevissime
856 4177 997 4243 dentatis
1015 4183 1064 4250 tt.
1086 4174 1125 4241 G.
1144 4175 1226 4241 blau
1244 4173 1325 4242 Gen.

76 4255 139 4328 linc
153 4265 214 4332 tab.
231 4267 292 4332 20.

99 4375 157 4435 llnb.
169 4381 198 4436 in
212 4381 322 4438 Cilicia
341 4381 500 4454 campestri
515 4380 552 4436 ad
567 4381 676 4452 Coryci
695 4384 813 4438 antrum
840 4381 927 4437 hodie
951 4379 1093 4453 Korpltoa
1114 4379 1239 4448 (Tohihl
1255 4378 1326 4452 Spe-

76 4445 281 4580 gufflgnioum
296 4467 397 4510 corano
412 4453 610 4522 destitutum).
625 4453 668 4510 rt.
683 4453 741 4510 fine
755 4454 772 4510 J
775 4454 838 4510 uuit
855 4453 902 4522 (ol.
929 4451 1141 4510 Tobibatohsti.
1158 4452 1190 4508 in
1209 4451 1265 4507 litt.
1288 4450 1326 4507 ad
