3262 5114
151 369 217 427 ,ago
720 378 888 422 sesumam
1244 361 1439 420 Antha'etirc'a.

168 492 303 561 linearis
323 490 555 574 angustissima
574 489 608 554 in
633 490 769 557 aristam
796 491 923 573 longam
952 491 1132 554 contortam
1161 488 1344 556 flexuosam
1369 509 1444 573 pro·

170 584 277 665 ducta,
296 581 467 646 rarissime
486 579 588 644 arisit
606 578 773 656 destituta,
795 579 885 662 palea
904 577 1123 644 minutissima
1143 577 1193 643 vel
1213 578 1316 644 nulla.
1341 577 1446 663 Squa-

169 672 268 736 mulae
283 669 368 737 bina
384 674 542 736 truncatae
560 667 610 734 vel
629 667 747 734 bifida.
765 667 847 753 Styli
879 668 1082 742 terminales,
1110 666 1259 748 stigmata
1290 669 1441 752 elongata

169 761 271 828 dense
289 760 438 842 plumosa
456 777 495 824 ex
516 757 607 840 apice
624 758 760 840 apiculae
779 757 990 840 emergentia.
1008 753 1185 838 Garyopsis
1205 757 1342 840 oblonga
1357 763 1445 824 tere-

171 849 308 915 tioscula
326 848 383 914 sed
405 846 497 914 basin
518 847 644 913 ventris
679 848 805 914 nacula
833 846 928 912 bilari
949 845 1159 930 punctilormi
1191 845 1297 913 obsita
1323 847 1444 928 glumis

169 939 316 1006 involuta
333 937 390 1004 sed
410 937 571 1003 libera-
597 935 713 1001 Herbe
735 933 815 1002 facie
835 933 1092 1016 Andropoponis
1112 950 1130 998 e
1154 931 1297 1002 sectione
1314 933 1446 1018 Cymba-

169 1043 289 1108 pepon.

221 1210 247 1273 l.
280 1207 325 1274 Δ.
360 1205 513 1274 einata
541 1205 588 1288 (L.
617 1205 694 1272 Dies
741 1203 853 1272 Gram.
877 1205 929 1271 36.
956 1243 998 1253 -
1025 1204 1139 1291 Suppl.
1181 1207 1254 1289 lle)
1290 1207 1446 1290 perennis

170 1298 293 1379 glauca,
313 1296 431 1362 culmis
450 1295 545 1360 elatis
566 1295 729 1361 teretibus
746 1294 867 1361 foliosis
888 1294 1091 1377 simplicibus
1113 1295 1165 1360 vel
1185 1297 1337 1367 ramosis.
1359 1297 1446 1362 foliis

12 1397 16 1410 ‘
58 1435 62 1448 .
172 1387 352 1451 linearibus
373 1385 480 1469 planis
500 1385 585 1450 ciliis
603 1384 672 1450 basi
692 1383 905 1450 tuberculatis
932 1384 1007 1466 plns
1033 1385 1142 1451 minus
1162 1384 1278 1451 obsilis
1296 1386 1443 1468 margine

171 1482 204 1541 et
220 1475 261 1540 ad
280 1492 400 1540 nervos
418 1475 552 1546 scabris,
569 1473 830 1554 glomeratorum
846 1473 1009 1539 fasciculis
1023 1472 1218 1558 pedunculis
1236 1473 1446 1541 lililcrmibus

173 1563 319 1630 suffultis
340 1562 534 1629 naturatibus
550 1563 605 1626 d-‘l
629 1561 842 1628 inferioribus
863 1563 1008 1638 rernotis,
1023 1562 1213 1644 glomerulis
1239 1563 1270 1628 in
1295 1581 1446 1647 unoquo-

173 1672 238 1734 que
269 1653 422 1718 fasciculo
451 1653 508 1715 3-ll
544 1649 659 1732 spatbd
688 1652 866 1718 lanceolata
888 1650 1000 1732 glabra
1033 1653 1198 1717 communi
1224 1653 1272 1719 eis
1299 1654 1446 1736 longiore

173 1743 309 1812 inclusis
326 1749 358 1808 et
375 1740 499 1823 spathis
517 1739 661 1822 propriis
679 1739 813 1805 dimidio
833 1739 1043 1807 brevioribus
1060 1739 1132 1806 basi
1141 1740 1285 1808 suffultis
1302 1746 1447 1826 septem·

173 1831 358 1913 spiculatis,
389 1830 590 1912 spicularum
619 1831 640 1891 l
667 1828 920 1894 involucralinm
948 1829 1114 1895 sessilium
1153 1829 1272 1911 glumis
1293 1831 1448 1913 oblongo-

174 1920 363 1985 laneeolatis
384 1917 606 1984 nnrltinerviis
625 1916 753 1983 inferne
769 1916 892 1998 glabris
908 1935 1052 2001 superne
1068 1918 1148 1986 setis
1167 1917 1236 1984 basi
1260 1918 1448 1987 tubercula·

175 2011 217 2075 lis
243 2009 370 2092 sparsis
396 2005 522 2087 obside,
542 2005 677 2087 spiculae
704 2006 983 2088 hermaphroditae
1008 2007 1077 2071 basi
1108 2007 1182 2089 pilis
1214 2007 1298 2072 rufis
1327 2009 1442 2074 obsitae

175 2097 296 2180 glumis
311 2096 394 2163 albis
410 2097 546 2160 externa
563 2095 655 2176 apice
677 2095 824 2160 breviter
845 2095 1019 2178 putrerula,
1036 2096 1202 2178 glumellae
1218 2097 1318 2163 aristi
1339 2095 1446 2162 validd

175 2191 326 2253 contorta
342 2185 470 2250 hirsuta
486 2183 622 2265 spiculis
641 2184 808 2250 multoties
826 2184 983 2269 longiore,
1000 2185 1136 2268 spiculis
1155 2185 1241 2252 binis
1269 2186 1449 2252 terminali-

176 2276 238 2340 bus
263 2275 431 2357 pedicellis
456 2272 578 2354 glabris
606 2273 753 2338 suffultis
786 2273 945 2339 abortivis
977 2275 1139 2340 subulafis
1176 2284 1223 2348 bl.
1253 2272 1375 2351 Garun,
1403 2273 1445 2342 Ic.

175 2364 240 2430 lab.
259 2365 333 2430 459.
355 2361 507 2516 -qDesf
527 2361 644 2428 doura.
662 2362 763 2445 Phys,
783 2363 835 2426 dO.
858 2364 933 2442 aab,
952 2367 1015 2445 tap.
1037 2366 1063 2427 l.
1094 2399 1135 2409 -
1162 2366 1201 2429 A.
1228 2364 1390 2429 prestratis
1411 2364 1447 2427 ll.

176 2453 230 2516 Βι·Ι
253 2453 369 2518 Prodr.
413 2452 464 2516 00.

218 2564 242 2649 β
277 2563 512 2646 tractandae.
534 2601 574 2610 —
606 2561 746 2646 Spiculae
772 2563 1035 2631 subabbreviatae
1078 2600 1119 2610 -
1144 2565 1182 2646 ¹A
1217 2565 1447 2650 brocbyontbc

177 2656 283 2722 Boiss.
298 2655 414 2735 Diagn.
432 2649 502 2718 Ser.
521 2652 546 2732 l,
560 2654 611 2735 13,
632 2673 662 2736 p.
689 2653 742 2718 tl.

212 2764 290 2821 ch.
303 2765 334 2820 in
349 2765 483 2820 dumosis
501 2764 587 2820 siccis
598 2763 693 2834 Syriae
711 2761 851 2818 littoralis
867 2762 904 2818 ad
926 2763 1039 2819 radices
1060 2763 1155 2820 Cassii
1174 2768 1251 2822 inter
1271 2767 1403 2823 Suudieb
1422 2771 1451 2824 et

177 2837 354 2892 Laudiceam
373 2836 508 2905 (Boissl),
528 2837 558 2890 iu
575 2834 702 2890 collibus
721 2835 759 2889 ad
780 2833 896 2889 radices
917 2832 1025 2890 Libani
1044 2851 1079 2890 su
1102 2852 1134 2892 ra
1155 2837 1291 2910 Tripolin
1313 2838 1403 2908 (llll),
1418 2841 1450 2894 in

178 2908 293 2963 Ciliciae
309 2907 445 2963 littoralis
467 2906 547 2961 valle
563 2905 726 2961 Guzeldere
749 2905 785 2960 ad
808 2905 937 2961 Keohlik
958 2921 1047 2978 supra
1100 2909 1198 2963 ersina
1218 2910 1293 2977 (Bal.
1318 2909 1399 2979 olor)
1422 2913 1450 2965 et

177 2982 253 3034 inter
268 2977 368 3033 Gitlek
385 2981 414 3032 et
427 2971 591 3034 Geben'nau
607 2977 726 3032 Deressi
738 2976 817 3033 2000’
833 2975 903 3047 (ΚΥ.
917 2976 992 3048 321).

223 3079 410 3169 ySprfoco.
433 3116 473 3126 —
501 3079 612 3162 Major,
629 3077 858 3144 fasciculorum
890 3079 1014 3161 spatbae
1038 3080 1201 3163 longiores
1220 3081 1347 3149 inferne
1365 3101 1451 3148 mar-

178 3170 399 3253 garennam,
421 3168 555 3250 spicnlae
580 3173 706 3234 neutrae
736 3168 876 3250 majores
899 3167 928 3250 (5
948 3169 1002 3233 lin.
1021 3169 1139 3252 longe)
1158 3170 1309 3238 crebrius
1325 3171 1450 3242 cilialre.

178 3259 316 3341 spiculae
337 3263 464 3322 neutrae
481 3257 674 3322 terminales
701 3257 902 3339 pedicellalae
925 3258 1111 3324 lanceolatae
1133 3277 1193 3323 nec
1217 3261 1387 3326 sulmlalae.
1409 3297 1449 3306 -

179 3349 217 3412 A.
239 3347 378 3429 Syriaco
394 3345 497 3413 Boiss
517 3347 573 3412 luc.
594 3346 647 3411 cit.
670 3364 699 3427 p.
718 3347 768 3410 le.

192 3531 197 3541 ι
214 3459 291 3514 Hah.
300 3460 338 3542 .i¹.¹
352 3457 447 3540 Syria,
460 3457 491 3512 in
505 3458 625 3550 regione
639 3457 787 3528 sylvaticd
800 3457 939 3514 inferiore
952 3458 1061 3513 montis
1075 3459 1174 3514 Cassii
1190 3458 1289 3528 (Boiss
1300 3463 1329 3531 l),
1346 3460 1377 3515 in
1391 3458 1451 3516 ool·

178 3530 258 3585 lrbus
275 3530 388 3585 Crlrerae
401 3529 439 3584 ad
454 3533 527 3599 sept,
549 3528 675 3584 l'arsous
689 3526 793 3598 (Ball),

215 3623 403 3696 comparatis
424 3639 504 3678 nunc
526 3623 739 3694 speciminibus
758 3623 896 3696 pluribus
920 3623 1127 3750 polymorffibae
1146 3625 1184 3680 A.
1205 3625 1314 3682 caliclos
1337 3627 1451 3698 speeies

179 3696 266 3750 liinas
279 3713 297 3750 a
317 3711 363 3750 rue
378 3694 459 3766 prius
480 3696 647 3766 propositas
667 3694 704 3748 ab
724 3699 757 3750 ed
776 3710 838 3750 non
860 3695 995 3768 specifice
1018 3695 1049 3750 di
1068 3695 1120 3752 'ere
1145 3711 1319 3768 persuasum
1344 3697 1449 3752 habeo.

179 3767 219 3893 {lb
234 3765 495 3908 ἕίῖεαιᾶῖςαὶὶίέἕῧξὶιθιζ
513 3765 614 3820 Africa
628 3765 742 3820 boreali
763 3765 885 3837 spiculis
906 3769 1010 3823 salise
1033 3766 1188 3823 tuberculo
1213 3769 1285 3824 ortis
1303 3768 1451 3824 destitutis

215 3934 262 3989 Ar.
279 3933 378 4002 (iacgr.
392 3931 477 3986 ludia
491 3931 654 4002 orientalis
667 3931 768 3986 Africa
782 3933 901 4004 tropica,
915 3932 1003 3988 Nova
1016 3932 1185 3990 Hollandia.

226 4097 311 4162 Μ.
328 4095 547 4162 anathem
561 4095 663 4180 (Nees
680 4096 711 4160 in
729 4095 842 4162 Steud.
853 4095 1020 4183 Syndbb)
1036 4101 1191 4182 perennis
1201 4101 1323 4182 glauca,
1335 4101 1452 4166 culmis

181 4185 275 4251 elatis
286 4185 399 4250 stricte
417 4185 555 4250 ramosis
568 4185 692 4251 foliosis
709 4183 749 4248 ad
766 4185 870 4251 nodos
886 4187 1088 4266 incrassatis,
1102 4188 1188 4254 loliis
1200 4195 1338 4271 anguste
1352 4191 1452 4256 linea·

181 4275 275 4340 ribos
291 4273 485 4340 acuminatis
503 4274 662 4355 clarigatis
680 4273 795 4356 rigidis
808 4275 945 4356 scabris,
965 4277 1130 4358 spicarum
1148 4277 1310 4344 fasciculis
1328 4279 1453 4363 pedun-

181 4363 298 4430 cnlatis
329 4361 447 4428 erectis
480 4365 614 4429 remotis
649 4363 682 4426 in
710 4362 893 4445 paniculum
922 4365 1025 4430 laxam
1049 4366 1230 4448 elongatam
1266 4367 1450 4451 dispositis,

183 4451 282 4536 spicis
311 4451 512 4534 pedicellalis
540 4451 687 4532 oblongis
718 4450 981 4535 subcompressis
1003 4453 1071 4519 basi
1099 4455 1241 4522 bracteis
1264 4456 1452 4523 lanceolalis

183 4539 470 4623 spatbaefcrmibus
499 4541 599 4606 fuscis
620 4539 774 4614 suffultis,
793 4541 930 4624 spiculis
958 4542 1118 4608 subnonis
1135 4545 1313 4611 imbricatis
1331 4547 1454 4611 iunceo·
