3252 5120
163 363 347 434 Asporagua
692 373 938 422 asennacacan,
993 409 996 418 Δ
1391 357 1463 419 aab

165 484 235 552 basi
255 482 403 551 breviter
416 481 595 562 calcaratis,
612 481 770 549 cladodiis
787 483 925 550 aetnaeis
947 480 1138 563 gracillimis
1162 481 1291 547 Afinio
1321 490 1453 552 erecto·

167 571 353 657 patentibus
374 587 461 654 sape
477 572 713 648 subtleruosis
725 572 864 639 lloribus
879 571 1036 639 solitariis
1052 570 1105 636 vel
1116 571 1257 652 geminis
1275 573 1452 656 pedicellis

165 662 292 746 tlt-plo
315 659 518 742 longioribus
548 659 717 746 subepice
742 661 924 728 articulatis
950 659 1106 742 suffultis,
1137 661 1285 730 antbcris
1298 660 1453 746 oblongis

164 751 337 835 spiculatis
354 750 521 818 filamento
538 749 673 817 dimidio
692 751 902 818 brevioribus
930 757 976 824 tl.

199 864 278 922 Hab.
290 865 322 920 in
333 864 412 920 valle
426 865 540 922 liuram
558 863 728 936 Ailgbaniaa
740 879 833 938 prope
848 863 1004 920 Sclaaliaan
1017 862 1133 932 (Aitch.
1147 863 1201 922 327
1210 866 1240 936 l),
1254 863 1286 920 in
1300 865 1462 922 Armenia-

164 952 201 993 ex
215 937 251 992 cl.
266 935 458 993 Trautvettar
469 935 626 992 indicatur.

198 1034 248 1089 Ar.
262 1033 364 1102 bauga.
379 1030 486 1088 Rossia
499 1029 777 1103 austro-orientalis,
789 1029 943 1104 Songaria,
958 1028 1169 1101 turkestein,
1184 1028 1283 1086 Gbina
1296 1030 1442 1088 borealis.

211 1173 243 1238 8.
275 1171 323 1238 Α.
354 1169 628 1239 Palaestinos
655 1169 777 1244 (Baker
804 1168 899 1236 bion.
933 1167 1006 1236 Soc.
1037 1168 1155 1236 Joaarn.
1190 1168 1276 1246 XIV,
1311 1191 1342 1254 p.
1366 1173 1445 1248 aba)

165 1263 258 1328 caule
284 1263 370 1328 elato
396 1260 491 1325 firmo
521 1259 592 1326 laevi
620 1259 769 1327 llexuoso
789 1259 1014 1325 ramosissimo
1033 1259 1134 1325 ramis
1154 1264 1187 1326 et
1205 1261 1343 1326 ramulis
1363 1261 1454 1326 inse-

165 1351 310 1418 rioribus
328 1349 677 1434 patenti-sabrellexis.
697 1349 781 1414 loliis
799 1347 1090 1431 squamilormibm
1108 1349 1141 1414 in
1162 1349 1267 1414 calcar
1285 1369 1350 1417 non
1371 1369 1446 1430 pro·

166 1439 288 1516 daretis,
321 1437 478 1504 cladodiis
510 1438 639 1504 3-8-nls
668 1437 832 1506 subulatis
870 1437 1077 1503 tenuissimis
1111 1437 1260 1505 curvulis
1297 1438 1447 1515 levibus,

167 1529 335 1612 pedicellis
355 1527 512 1594 solitariis
532 1528 614 1594 llore
642 1527 743 1610 duplo
767 1525 970 1608 longioribus
990 1544 1108 1592 versus
1132 1527 1274 1592 medium
1294 1527 1463 1596 articula·-

166 1619 219 1698 tis‚
238 1617 416 1684 litamentis
433 1618 602 1700 perigenio
619 1615 829 1684 brevioribus
841 1614 986 1682 antberae
1000 1615 1147 1698 oblongae
1163 1617 1334 1700 apiculatae
1347 1615 1456 1701 aqui--

165 1709 283 1790 longis,
301 1706 453 1772 baccis...
480 1715 525 1780 ist.

200 1818 280 1875 Hob.
304 1817 343 1872 ad
362 1817 463 1874 lacurn
483 1815 585 1873 Huleb
605 1820 634 1874 et
659 1815 697 1872 ad
721 1816 802 1872 vada
822 1815 947 1872 Jordani
980 1814 1013 1870 in
1041 1815 1192 1872 Palestlne
1217 1816 1448 1889 septentrionali

165 1889 288 1961 lllayne
307 1903 345 1944 ex
359 1887 480 1972 Baker),
493 1889 524 1944 in
542 1887 638 1958 sylvia
654 1888 692 1944 ad
713 1887 742 1972 ll.
764 1887 929 1971 Jcrdanum
945 1901 1046 2014 tprope
1064 1886 1183 1944 Jericbo
1207 1887 1388 1972 (lietslenl).
1408 1885 1449 1942 ad

164 1959 279 2018 somata
297 1959 466 2017 Moabitam
478 1975 571 2032 propo
584 1958 682 2016 lacum
697 1958 866 2015 Tiberiadis
883 1959 932 2028 (cl.
972 1960 1048 2014 ortet
1060 1961 1088 2028 l).
1105 1957 1151 2014 Fl.
1172 1973 1262 2016 mano.
1469 1916 1581 2050 N

201 2057 308 2112 Planta
321 2055 507 2128 szedalb,
522 2055 661 2112 cladodia
676 2055 851 2112 tenuissime
861 2055 913 2112 4-5
926 2053 1022 2111 lineas
1040 2053 1141 2126 longa,
1160 2056 1346 2128 perlgonium
1369 2071 1450 2112 mas-

165 2130 267 2184 culum
285 2127 349 2198 2¹l2
363 2127 458 2184 lineas
470 2126 592 2196 longum
607 2127 679 2183 tubo
693 2131 819 2198 angusta
833 2126 936 2182 conico
950 2125 1071 2183 laciniis
1085 2127 1321 2198 erecto-patulis.
1341 2125 1456 2184 clado-

164 2199 222 2254 diis
237 2199 421 2255 tenuissimis
437 2197 537 2256 affinis
551 2197 588 2253 Α.
603 2196 798 2271 triobopltpllo
816 2195 971 2270 pedicellis
985 2197 1080 2253 multo
1094 2197 1281 2268 longioribus
1294 2197 1351 2254 sub
1365 2197 1463 2270 apice*

165 2269 337 2338 articulatis,
349 2269 541 2326 antberarum
555 2284 623 2324 curn
642 2270 794 2324 filamento
808 2269 1009 2342 proportione,
1024 2268 1105 2324 toliis
1121 2269 1188 2324 basi
1209 2269 1371 2338 calcaratis,
1385 2272 1443 2325 etc.

164 2341 313 2398 distincto.
333 2341 378 2468 qli
389 2339 486 2397 Bnker
497 2341 646 2413 specimen
660 2339 862 2397 Lortetianum
882 2355 983 2396 meum
995 2355 1065 2396 cum
1083 2339 1260 2412 Hayneanis
1285 2356 1363 2397 ame
1388 2355 1453 2397 non

164 2411 239 2468 visis
253 2413 364 2470 cantui
383 2455 389 2467 .

211 2549 241 2612 t.
261 2545 308 2615 Δ.
331 2547 514 2614 Lownal
533 2543 648 2624 (Raker
670 2545 761 2611 Liun.
783 2547 854 2612 Soc.
879 2544 996 2612 Journ.
1018 2543 1105 2624 XIV,
1126 2565 1160 2630 p.
1188 2545 1269 2624 boll
1297 2546 1454 2615 caulibus

165 2637 260 2703 elatis
291 2636 469 2718 gracilibus
505 2635 644 2702 laevibus
683 2635 841 2702 flexuosis
878 2635 1180 2703 subscandentibus
1212 2636 1449 2702 ramosissimis

165 2727 268 2792 ramis
294 2723 482 2808 patentibus
499 2727 549 2790 vel
576 2725 719 2804 rellexis,
738 2723 825 2790 loliis
843 2723 1135 2807 squamilormibua
1161 2723 1232 2790 basi
1252 2743 1318 2790 non
1347 2725 1454 2791 calca-

167 2815 258 2890 ratis,
280 2814 437 2881 cladodiis
465 2815 592 2879 l-8-nis
622 2813 759 2880 setaceia
790 2813 983 2895 gracillimis
1005 2813 1168 2881 debilibus
1193 2813 1452 2895 subpetentibus

167 2904 235 2970 lere
254 2902 479 2987 punientibus,
500 2903 668 2985 perticellis
688 2903 829 2985 geminis
846 2903 991 2969 arcuatis
1010 2903 1200 2984 gracillimis
1220 2903 1382 2984 elongatis
1407 2903 1448 2969 ad

167 2994 311 3060 medium
330 2993 510 3059 articulatis
538 2992 620 3058 llore
642 2995 661 3056 t
686 2991 796 3074 ¹l2-plo
816 2990 1029 3074 longioribus,
1049 2991 1210 3073 perigonii
1233 2991 1454 3058 infundibuli-

165 3083 280 3148 formis
301 3081 478 3165 segmentis
495 3080 737 3158 oblanceolatis‚
751 3080 951 3146 staminibus
970 3080 1138 3164 perigonio
1152 3081 1251 3148 tertia
1265 3086 1358 3162 parte
1375 3080 1457 3147 bre-

167 3171 323 3251 rioribus,
340 3171 487 3236 antberis
504 3168 652 3252 oblongis
667 3169 832 3235 blamento
849 3169 949 3254 duplo
967 3169 1177 3237 brevioribus
1200 3179 1252 3244 tl.

201 3280 279 3338 Hab.
293 3281 331 3336 ad
346 3281 363 3337 J
366 3280 465 3336 ericbo
485 3281 645 3337 Palestinae
658 3280 787 3349 (Lowne
804 3295 843 3336 ax
856 3279 979 3350 Bakar).
995 3281 1063 3337 Non
1075 3280 1147 3338 vidi.

202 3377 246 3432 Ex
260 3377 294 3432 cl.
309 3375 409 3432 Baker
421 3377 547 3447 insignis
561 3376 708 3432 cladodiis
722 3375 855 3432 omnium
880 3375 1054 3446 gracillimis
1079 3375 1147 3432 9-12
1169 3375 1265 3432 lineas
1288 3376 1389 3449 longis
1414 3393 1453 3433 eu

164 3448 202 3504 A.
217 3447 385 3505 verticillati
401 3447 594 3504 relerentibus
608 3447 661 3502 sed
674 3445 869 3503 tenuioribus.
882 3447 1075 3519 Perigonium
1094 3447 1372 3506 infundibuliiorme
1396 3465 1456 3506 neo·

165 3523 198 3576 ut
213 3521 245 3576 in
265 3535 300 3575 eo
314 3517 586 3590 laemispbaericuna.

211 3664 240 3726 5.
268 3661 317 3726 A.
346 3659 587 3726 officinalis
614 3657 664 3744 (L.
690 3657 745 3740 Sp.
767 3679 796 3741 p.
830 3659 910 3742 tlt)
933 3657 1025 3725 caule
1045 3659 1204 3725 llerbacco
1225 3659 1321 3725 tereti
1338 3665 1457 3726 erecto

166 3749 234 3817 basi
252 3748 392 3833 simplici
417 3748 492 3815 dein
521 3749 731 3830 panicululim
755 3748 982 3814 ramosissimo
1012 3749 1112 3814 ramis
1134 3749 1448 3832 erecto-patentibus

167 3838 450 3920 ramulosissimis‚
467 3837 553 3902 loliis
570 3836 861 3920 squamilormibus
879 3836 949 3903 basi
971 3836 1167 3903 brevissime
1184 3836 1365 3917 calceastis
1385 3838 1457 3902 cla-1

167 3929 274 3994 doniis
301 3928 425 3992 bii-nis
452 3925 852 4006 fasciculatissubulatis‚
880 3925 1019 3992 lloribus
1048 3925 1204 3993 solitariis
1232 3926 1281 3994 vel
1309 3927 1449 4008 geminis

167 4017 336 4099 pedicellis
364 4017 445 4082 flore
477 4017 604 4097 bil-plo
633 4014 836 4098 longioribus
853 4015 894 4080 ad
913 4015 963 4080 vel
982 4033 1084 4097 supra
1105 4014 1247 4081 medium
1266 4017 1451 4082 articulatis

167 4106 326 4179 suffultis,
343 4105 519 4172 litamentis
539 4105 658 4170 llorum
672 4107 892 4171 masculorum
913 4104 1059 4168 arrtberae
1072 4105 1219 4186 oblongae
1239 4104 1449 4188 aequilongts‚

165 4193 262 4262 bacca
290 4214 394 4279 magn.
420 4193 482 4278 pisi
514 4203 560 4268 tl.
587 4192 686 4260 Rcbb.
718 4191 829 4258 Germ.
860 4193 924 4260 tab.
955 4191 1105 4259 DXVllI.
1138 4227 1174 4239 -
1206 4191 1301 4259 Flora
1327 4193 1452 4260 Danica

164 4286 232 4350 tab.
252 4285 327 4352 803.

200 4395 275 4451 Hab.
291 4397 324 4451 in
338 4393 479 4478 arenosis,
490 4392 602 4476 Tauria
617 4391 701 4516 {tea
714 4393 745 4462 l),
761 4391 912 4476 Caucasus
925 4396 955 4449 et
966 4391 1199 4448 Transoaucasia
1212 4390 1342 4459 (Ledeb.
1351 4391 1384 4445 C.
1404 4391 1449 4474 A.

197 4470 258 4538 ey.)
281 4465 560 4523 Armeanurcrce
574 4462 612 4517 ad
650 4463 733 4517 arbut
747 4477 831 4518 secus
853 4477 953 4521 ravum
977 4463 1131 4521 chorock
1159 4462 1316 4535 (Bourgl),
1343 4461 1460 4518 Persia-

165 4511 297 4596 borealia
311 4538 343 4593 in
358 4551 443 4608 prov.
460 4533 649 4606 Aderbidjan
663 4533 753 4604 (Szov
764 4536 796 4605 t).
