3260 5112
22 1749 24 1754 .
160 1708 248 1778 (ms
273 1709 308 1764 o.
324 1708 444 1780 norun.

164 357 220 418 uls
716 374 885 418 enarum
1285 361 1437 435 Agranis.

184 607 655 680 srer.111.APuRAAa.-
679 605 840 677 Glumella
865 609 968 680 adest.
990 645 1034 656 -
1056 608 1295 677 Rudimentum
1322 609 1414 679 boris

466 697 602 768 secundi
623 699 832 786 stipitilorme
851 703 885 766 el
904 698 994 786 palea
1013 699 1146 770 adsunt.
1177 750 1178 754 ,

210 889 261 958 tt.
285 885 333 958 A.
357 883 489 976 Spina
517 885 644 958 venti
670 883 718 973 tt.
746 883 802 970 Sp.
835 884 892 972 sl)
926 905 1045 967 annua,
1067 886 1174 954 culmo
1203 890 1312 953 erecto
1342 887 1439 968 elato,

162 975 248 1046 loliis
264 973 372 1060 planis
392 975 564 1044 lstiosaule
583 974 762 1045 linearibus
778 975 920 1060 asperis,
934 975 1196 1060 ligulaelongata
1213 976 1329 1053 lauert,
1346 976 1439 1060 pani·

162 1065 245 1132 oulae
266 1066 425 1148 elongalae
454 1063 571 1148 amplae
598 1064 726 1134 diffusae
761 1065 863 1132 ramis
896 1065 1185 1134 semivertiaillatis
1218 1064 1435 1152 inaequalibus

161 1154 373 1238 capillaribus
404 1153 606 1222 trichotomis
639 1153 874 1238 pedioellisque
905 1155 1044 1238 asperis,
1068 1155 1190 1238 glumis
1219 1153 1435 1242 inequallons

160 1243 350 1310 lanceolatis
381 1243 575 1310 acuminatis
603 1244 713 1309 carina
735 1241 872 1322 scabris,
892 1243 1048 1325 glnmelta
1077 1244 1198 1326 glnmis
1226 1243 1438 1330 sublonglore

159 1336 254 1398 acuta
269 1331 331 1400 sub
348 1332 438 1416 apioe
468 1332 569 1400 arisit
599 1331 795 1399 tenuissima
814 1330 963 1400 flexuosa
987 1333 1113 1416 spicula
1133 1331 1262 1418 tes-plo
1290 1331 1437 1415 longiore

160 1423 265 1494 aucta.
293 1421 441 1488 sotheris
462 1420 750 1504 ,lineari-oblongis
776 1425 825 1500 Θ.
842 1419 926 1487 Host
952 1419 1062 1492 Grum.
1078 1426 1101 1492 t.
1122 1422 1174 1492 li.
1192 1455 1237 1470 -
1253 1421 1343 1505 Engl.
1361 1421 1433 1492 Bnt.

159 1508 224 1580 tab.
241 1513 367 1580 litt.--
395 1509 497 1579 Robb.
514 1510 627 1580 Germ
653 1512 705 1596 fig.
728 1511 800 1581 tta.
820 1541 863 1563 «—
889 1509 1000 1592 Asara
1022 1508 1121 1592 spira
1143 1509 1233 1578 nanti
1248 1511 1318 1583 Pal.
1337 1509 1378 1578 de
1399 1507 1436 1580 B.

193 1637 271 1694 Hab.
292 1638 325 1693 in
347 1637 434 1696 uultis
459 1639 627 1766 Erssarlim
647 1637 724 1696 inter
743 1635 998 1721 segetes,'1'auria
1021 1635 1139 1713 (ster),
1155 1653 1240 1710 prov.
1266 1637 1437 1700 Cauoaslooe

498 1710 610 1766 ditione
625 1708 758 1766 nondum
770 1709 843 1765 vrdr.

193 1817 240 1900 Ar.
255 1817 356 1888 seogr.
371 1815 494 1902 Europa
512 1817 613 1902 medis
631 1817 670 1874 ab
685 1818 794 1902 anglis
812 1815 1207 1901 etSeandinavitaustrali
1231 1817 1271 1876 ad
1298 1817 1436 1902 Rossirun

158 1887 393 2016 Erggrlaluiraleetmab
418 1887 569 1961 Hrspanrt
591 1888 705 1950 boreali.
722 1889 761 1945 ad
788 1885 908 1946 Italiam
934 1887 1198 1962 septsutmonalam
1226 1892 1256 1945 ot
1282 1903 1434 1961 reguonem

204 2121 254 2192 tt.
272 2122 318 2194 A.
337 2122 597 2210 interrupta
612 2123 663 2211 (L.
680 2123 735 2208 sp.
752 2123 810 2210 92)
829 2141 948 2201 annua,
967 2122 1086 2190 culmis
1108 2121 1228 2193 erectis
1245 2121 1434 2207 graetltbua,

156 2209 241 2276 loliis
263 2211 369 2296 planis
388 2218 525 2298 anguste
548 2213 729 2281 linearibus
747 2213 886 2296 asperis,
901 2211 1000 2294 ligula
1011 2211 1191 2278 lanceolata
1208 2211 1325 2294 laceri,
1342 2211 1435 2295 pani-

157 2299 238 2366 nulae
264 2307 411 2383 angustae
432 2307 606 2370 eontraotae
634 2303 735 2368 ramis
754 2301 1044 2370 semivertieillatis
1063 2301 1132 2368 lere
1148 2321 1167 2366 a
1186 2301 1257 2367 basi
1273 2299 1437 2384 spientim-

156 2387 204 2454 ris
229 2389 464 2474 pedieellisque
488 2391 623 2470 srabris.
640 2391 760 2474 glumis
781 2389 998 2476 inaequalibus
1016 2388 1204 2456 luneeolutis
1225 2390 1342 2471 acutis
1357 2390 1433 2472 glu·

156 2477 255 2544 mella
269 2479 388 2560 glnmis
409 2481 657 2566 subaeqnitonga
679 2485 774 2550 aenea
789 2480 936 2562 undique
953 2480 1108 2564 asperuli
1135 2478 1197 2546 sub
1214 2480 1306 2562 apiae
1329 2478 1433 2548 arisit

155 2567 351 2636 tenuissimi
369 2569 518 2638 flexuosi
536 2571 661 2653 spiculi
681 2570 866 2654 quadruplo
887 2569 1035 2652 longiore
1060 2570 1165 2650 auco,
1183 2568 1330 2638 authuris
1353 2566 1434 2637 sub-

156 2657 420 2725 rotundo-ovatis
442 2665 492 2738 O.
510 2658 592 2727 Host
611 2656 721 2729 Gram.
739 2659 803 2730 tab.
820 2661 874 2729 ts,
891 2693 936 2708 -
953 2657 1055 2724 Rehb.
1078 2655 1190 2727 Germ.
1207 2657 1260 2740 lig.
1280 2657 1352 2726 lat.

190 2785 269 2844 Hah.
288 2787 319 2843 in
339 2788 472 2846 arenosis
500 2788 589 2845 oultis
621 2787 660 2844 ad
682 2801 794 2860 muros,
815 2787 911 2860 Lydia
935 2787 968 2844 in
994 2785 1088 2843 latero
1109 2785 1299 2842 meridionali
1328 2782 1431 2841 Tmoli

154 2855 253 2939 {Boiss
261 2859 291 2930 l),
314 2857 446 2986 Phrggia
464 2831 611 2930 (Tehihli,
631 2858 820 2986 Cagpadoeia
839 2859 877 2914 ad
902 2860 1070 2916 Caesaream
1094 2856 1202 2942 (pall),
1215 2855 1434 2928 Mesopotamia

154 2931 233 3056 10ξὲῗὲ
234 2929 380 3072 ἕέῧθὲ)
394 2929 486 2987 nerek
499 2931 570 3002 (Ky.
584 2930 654 3002 421),
696 2929 837 3002 abyloura
851 2929 890 2986 ad
903 2929 1029 3002 Bagdad
1042 2929 1119 2998 (Noe
1137 2928 1225 3002 6951),
1245 2942 1329 3001 pror.
1353 2927 1433 2985 (tam

190 3107 238 3163 Ar.
254 3109 354 3194 tlaogr.
367 3109 489 3194 Europa
504 3107 605 3192 merila
619 3083 649 3194 et
666 3107 806 3194 australis
820 3107 852 3163 ln
866 3107 977 3180 Gallia,
994 3107 1107 3191 Belgio,
1129 3105 1270 3189 Heluetia
1294 3103 1433 3192 australi,

135 3225 139 3233 .
154 3177 325 3252 Germanis,
338 3180 494 3253 Hispama‚
508 3179 670 3251 Luutanrt,
683 3179 779 3246 Italia,
793 3194 915 3251 regione
928 3178 1103 3252 Dauubralr,
1112 3177 1221 3238 Rossrs
1237 3179 1370 3236 ausamlr.

365 3419 601 3498 tlstblllltlll
629 3421 677 3518 (l.
693 3421 731 3500 te
749 3421 784 3496 ll.
808 3423 994 3517 igrost.‚1r.
1013 3417 1069 3507 bl,
1088 3417 1151 3494 tab.
1175 3418 1224 3512 i).

198 3648 339 3732 Spiculae
354 3649 506 3718 unillorae
518 3651 795 3735 hermaphroditae
811 3669 830 3716 a
855 3649 958 3718 latere
976 3663 1176 3734 compressa
1196 3646 1335 3714 lloseulo
1359 3661 1431 3714 ses·

154 3737 217 3808 sili.
242 3738 369 3831 Glumae
394 3739 479 3807 bins·
502 3740 757 3808 membranaceae
782 3739 937 3807 cesinatae
955 3743 1059 3806 aantae
1076 3737 1199 3820 saepius
1216 3737 1287 3803 basi
1307 3735 1432 3802 ventri·

154 3844 238 3894 rosae
267 3827 405 3897 llosaulo
438 3829 542 3897 multo
574 3830 745 3912 longiores.
780 3829 943 3898 Glumeila
970 3834 1004 3895 et
1037 3827 1131 3910 palea
1171 3825 1431 3893 membranaceae

153 3917 306 3999 minimae,
325 3915 381 3983 illa
406 3917 503 3984 latior
530 3919 622 4002 apice
648 3918 1012 3985 truncato-denticulata
1041 3915 1094 3982 vel
1118 3913 1232 3996 biseta,
1249 3914 1313 3981 sub
1339 3913 1431 3998 aptae

153 4004 206 4071 rel
238 4005 278 4070 ad
307 4005 399 4072 basin
424 4007 526 4074 arista
548 4007 733 4091 geniculati
759 4011 852 4074 aurta
875 4007 929 4073 rel
956 4004 1086 4073 mutina.
1111 4001 1302 4087 Squumrrlae
1332 4002 1429 4073 bins.

152 4091 237 4177 Styli
272 4093 450 4172 threnas.
485 4096 635 4180 stigmata
665 4095 816 4180 plumosa
853 4095 894 4162 ad
930 4094 1024 4162 basin
1053 4092 1189 4178 spirulas
1217 4090 1429 4174 emergente

152 4181 331 4267 Garyopsis
358 4183 497 4252 obovata
525 4185 652 4254 merula
679 4183 774 4251 hilari
802 4183 1011 4270 punatilormi
1030 4181 1197 4267 glumellis
1222 4181 1350 4250 obtecta
1369 4178 1431 4245 sed

152 4269 256 4339 libera
284 4271 468 4356 pericarpio
495 4291 559 4340 non
583 4273 725 4344 solubili.
741 4309 784 4331 -·.-
809 4273 930 4340 Herbae
956 4273 1036 4340 laeie
1054 4269 1160 4342 Ptol.
1181 4305 1225 4318 -
1251 4265 1364 4341 Genus
1389 4265 1430 4342 ab

151 4360 329 4443 Agroatide
344 4361 464 4444 glumis
485 4361 555 4429 basi
573 4363 648 4447 plur
665 4363 775 4430 minus
788 4362 983 4430 ventrieosis
1001 4367 1034 4428 et
1046 4359 1184 4426 lloseulo
1197 4377 1262 4428 non
1279 4358 1427 4444 stipttalo

58 4461 60 4468 ⁴
152 4450 355 4521 distinctam.
389 4447 428 4516 G.
458 4450 568 4517 nitens
585 4451 703 4536 glumis
731 4453 805 4540 basi
830 4469 896 4520 non
917 4449 1113 4519 ventricosis
1136 4452 1170 4516 ot
1195 4447 1300 4514 aristi
1322 4445 1428 4514 basuli

151 4539 328 4606 transitum
344 4539 433 4606 inter
447 4540 515 4606 baec
530 4557 652 4625 genera
670 4542 808 4624 praebet.
