3262 5114
139 390 197 448 466
706 403 876 447 carminare
1201 387 1417 461 Andropoyon.

38 541 40 544 ·
138 512 316 570 aromatica.
343 511 387 569 Cl.
409 511 525 568 Cosscn
552 511 612 568 hnc
639 527 759 585 qnoque
785 513 823 568 A.
850 509 1055 568 circiensium
1086 507 1211 564 Hochst.
1246 523 1282 565 ex
1310 510 1422 566 Arabia

138 584 253 656 tropice
267 584 348 640 loliis
362 583 460 655 longis
476 583 654 655 cincinnatis,
669 583 861 656 racbidisque
877 583 948 638 lana
961 580 1098 636 breviore
1111 580 1259 651 insignem
1274 581 1370 638 refert.

176 679 499 806 Ar.deogr.Reg{1nm
526 679 746 750 Maraccanum‚
763 679 886 752 Algsria
911 678 1041 744 interior,
1066 691 1192 748 regnum
1223 677 1422 750 Tunetanum,

140 750 246 808 Nubis
265 751 394 806 admare
440 749 560 806 nbrnm.

186 901 217 966 8.
236 900 282 969 A.
298 899 594 968 1warancuss
609 898 729 986 (Biana
747 899 780 965 in
795 900 878 966 Phil.
896 898 1015 966 Trans.
1031 897 1118 974 VIII,
1139 919 1169 984 p.
1189 899 1263 978 284,
1279 899 1344 965 tab.
1368 899 1421 983 16)

140 989 311 1072 perennis,
339 989 456 1055 culmis
485 989 604 1054 erectis
635 989 771 1072 glabris,
800 989 887 1055 foliis
915 988 1077 1069 elongatis
1107 986 1288 1054 linearibus
1315 988 1421 1070 planis

65 1133 66 1136 ,
141 1077 289 1161 margine
306 1077 442 1148 scabris=
459 1077 618 1160 paniculae
634 1083 783 1159 angustae
806 1077 1125 1144 lineari-lanceolata
1147 1076 1283 1143 ramulis
1311 1075 1420 1141 breri-

22 1195 23 1198 *
140 1167 205 1232 bns
225 1166 471 1250 subaequalibns
499 1167 617 1232 erectis
641 1185 682 1233 ex
702 1168 811 1234 axillis
829 1165 1058 1250 superioribus
1078 1165 1163 1231 loliis
1184 1165 1327 1231 dilatatis
1351 1167 1421 1230 lan-

139 1255 274 1322 ceolatis
293 1275 349 1322 eos
365 1255 601 1338 superantibus
620 1256 777 1340 sununs,
795 1256 895 1338 spicis
910 1255 1049 1338 geminis
1067 1254 1224 1320 brevibus
1249 1254 1420 1320 confertim

141 1345 337 1411 fasciculatis
352 1345 477 1426 vaginis
497 1345 685 1411 lanceolatis
703 1345 890 1422 bractealis,
907 1344 1039 1411 racbide
1058 1348 1091 1410 et
1107 1343 1273 1426 pedicellis
1284 1343 1420 1424 spicula

21 1433 36 1500 -ἶἸ
84 1433 86 1442 ’
141 1434 297 1500 masculae
321 1433 398 1516 pilis
428 1433 554 1516 spiculi
576 1433 785 1500 brevioribus
805 1434 932 1512 obside,
954 1432 1074 1516 glnmis
1095 1432 1246 1514 oblongis
1262 1431 1421 1498 inferiore

140 1522 277 1604 spinule
302 1521 429 1589 sessilis
448 1523 539 1606 apiae
565 1523 665 1589 bifida
695 1522 917 1605 glabrinscula
939 1522 1112 1606 superiore
1138 1521 1284 1603 margine
1301 1520 1420 1602 cilinia,

140 1611 297 1692 glumella
329 1629 473 1694 superne
496 1611 597 1679 bifida
624 1612 712 1679 inter
742 1613 834 1679 lobos
862 1612 966 1678 hirtos
997 1610 1097 1678 arista
1120 1611 1210 1676 lenui
1237 1610 1420 1692 geniculata

21 1723 31 1736 .
141 1699 268 1782 spicula
288 1700 413 1784 bil-plo
429 1700 576 1782 longiore
594 1704 688 1768 aucti
712 1703 759 1773 Ql.

177 1814 254 1868 Hah.
270 1817 300 1870 in
314 1815 442 1871 collibus
456 1813 545 1870 vallis
561 1815 674 1871 Knram
692 1814 863 1887 Affgbanioe
880 1815 991 1885 (Alton.
1006 1829 1066 1870 aas.
1088 1817 1117 1870 et
1140 1815 1205 1872 Cat.
1229 1826 1263 1869 n⁰
1284 1812 1338 1870 443
1362 1813 1419 1868 snb

21 1857 22 1860 Ἴ
140 1887 172 1941 A.
191 1884 391 1943 Sebcenanibo
408 1885 499 1957 Van).

72 1991 75 1996 '
176 1983 312 2038 Varistae
327 1984 540 2054 speciminibus
555 1983 675 2054 Indicis,
692 1984 847 2111 Japonicis
860 1987 889 2040 at
911 1982 1099 2055 Capensibus
1119 1983 1267 2054 gracilior,
1281 1981 1420 2054 panicula

140 2054 273 2110 breviori
288 2055 324 2110 de
346 2059 497 2127 superata.
515 2055 601 2110 Hanc
616 2055 654 2112 ad
673 2055 710 2110 A.
743 2070 957 2112 warancusam
983 2055 1083 2126 potius
1103 2069 1193 2126 quam
1217 2054 1254 2110 ad
1269 2053 1306 2108 A.
1322 2051 1421 2110 Sebae-

139 2123 289 2182 nontbum
303 2071 420 2182 adduco
433 2127 517 2198 cujus
532 2141 569 2181 ex
584 2125 835 2197 descriptionibus
854 2128 907 2195 (an
925 2140 1046 2181 erronee
1056 2127 1077 2192 l)
1092 2125 1179 2181 flores
1194 2140 1297 2180 omnes
1318 2125 1421 2180 mullei

137 2196 279 2252 dicuntur
298 2201 326 2252 et
347 2197 427 2268 quod
448 2197 577 2252 sorsans
600 2196 698 2253 scilice
718 2212 779 2253 non
801 2197 906 2252 differt.
931 2196 1051 2266 Species
1068 2196 1106 2252 ab
1121 2195 1159 2252 A.
1178 2196 1312 2268 lanigero
1336 2195 1419 2251 foliis

88 2309 90 2314 .
139 2266 299 2322 latioribus
317 2268 424 2340 planiS,
440 2267 561 2323 rachide
575 2213 708 2324 breviter
721 2269 819 2340 pilosa
834 2273 886 2324 etc.
902 2267 1049 2324 distincta.

175 2365 225 2419 Ar.
246 2365 347 2433 cecnr.
361 2365 457 2436 India,
477 2365 582 2436 (ibina,
598 2365 737 2438 deponis,
749 2365 782 2422 P.
795 2365 830 2420 B.
846 2365 925 2438 Spei.

239 2559 457 2637 llllllllUllllS
484 2560 600 2655 (Willd.
620 2581 654 2636 cx
673 2559 724 2634 ll²h
741 2559 848 2634 Gran.
865 2561 903 2649 l.,
927 2581 958 2654 p.
978 2559 1055 2635 lat.
1070 2601 1120 2613 -
1137 2560 1320 2634 Lecturus

444 2659 562 2732 Boiss.
589 2659 722 2755 Diagn.
743 2659 821 2734 Ser.
842 2659 889 2746 Il,
912 2661 945 2748 l,
966 2659 1119 2754 pleb).

185 2863 326 2946 Spioniae
353 2865 387 2929 in
412 2863 548 2929 racbeos
571 2881 768 2946 compressae
796 2863 977 2930 articulatae
1000 2862 1137 2930 lrirsotae
1155 2863 1317 2930 excisuris
1335 2864 1420 2930 binae

141 2955 192 3020 vel
206 2953 372 3018 interdum
390 2954 423 3018 in
437 2953 584 3018 articulis
599 2953 812 3020 inferioribus
826 2958 939 3030 ternae,
951 2952 1103 3018 laterales
1121 2953 1255 3019 sessiles
1269 2957 1419 3035 patentes

140 3043 276 3116 billone,
296 3041 492 3107 intermedia
508 3041 701 3126 pedicellata
720 3041 844 3107 rachidi
860 3041 1018 3124 adpressa
1032 3041 1166 3108 sterilis.
1186 3041 1314 3107 Glnmae
1334 3043 1419 3108 bine

140 3132 359 3197 snbooriaceae
379 3129 567 3197 lanceolalae
583 3148 734 3198 concavae
749 3132 941 3196 acuminata.
954 3132 1005 3197 vel
1026 3130 1237 3196 subcaudnlae
1266 3130 1419 3213 margini·

140 3222 203 3286 bns
233 3222 328 3303 longe
354 3220 476 3286 cilialae.
501 3219 673 3288 Floscnlus
703 3220 847 3287 exterior
882 3219 1044 3286 univalvis
1071 3220 1250 3299 masculus,
1280 3219 1420 3286 interior

138 3309 278 3375 bivalvis
303 3307 603 3393 hermaphroditus.
632 3309 797 3375 Glnmella
824 3313 858 3374 et
885 3309 976 3392 palea
1014 3308 1419 3390 hyalino-membranacea

139 3399 194 3462 illa
221 3398 334 3480 glabra
358 3415 508 3472 concava,
528 3400 619 3481 palca
648 3399 689 3465 nd
722 3397 850 3465 carinas
868 3399 1021 3464 oilialnla.
1045 3397 1234 3481 Sqnamulae
1254 3401 1420 3464 truncato

138 3487 361 3554 cuneilormes
379 3487 510 3571 glabrae.
523 3487 668 3553 Stamina
683 3487 744 3553 iria
758 3487 905 3552 antberis
924 3485 1112 3553 linearibus.
1130 3485 1246 3568 stylit
1266 3485 1421 3551 termina-

139 3577 187 3642 les
225 3577 433 3658 longiusculi,
458 3577 608 3656 sligmala
636 3577 784 3658 elongata
819 3575 914 3659 longe
948 3577 1097 3658 plumosa
1124 3591 1244 3641 versus
1274 3575 1419 3640 medium

138 3665 232 3730 floris
257 3666 468 3748 emergentia.
493 3663 671 3746 Garycpsis
688 3664 827 3748 oblonga
848 3683 1037 3749 compressa
1067 3664 1168 3729 libera
1193 3661 1258 3729 hilo
1286 3662 1418 3730 basilari

139 3755 361 3835 punotiiormi.
374 3792 416 3800 -
428 3753 548 3819 Herbe
560 3753 696 3836 spiculis
712 3755 746 3818 in
763 3755 885 3836 spicam
899 3754 1079 3821 solitariam
1090 3751 1418 3820 linearembirsutam

138 3843 319 3925 dispositis.
336 3843 450 3909 Genus
466 3861 483 3907 a
507 3840 700 3908 Rottboallid
718 3842 814 3908 valde
830 3843 919 3908 alfini
933 3843 1008 3928 pilis
1023 3841 1159 3909 sericeis
1176 3845 1275 3908 totam
1296 3841 1419 3926 spicam

140 3931 358 3998 vestientibus
376 3930 540 4014 imprimis
560 3931 762 4016 discrepans.
777 3929 824 3996 Gl.
846 3931 1006 3998 Bentbam
1024 3929 1222 3996 observante
1236 3931 1370 4012 spiculae
1386 3931 1419 3994 in

138 4019 287 4086 articulis
311 4019 477 4086 interdum
505 4017 593 4085 binae
616 4037 676 4087 neo
703 4025 806 4087 lernae
826 4026 1005 4088 occurrunt
1024 4025 1057 4085 et
1079 4019 1244 4086 pasturus
1261 4019 1363 4102 igitur
1380 4017 1420 4084 ab

139 4108 304 4174 Elionuro
319 4110 471 4191 generice
489 4127 553 4174 non
567 4109 802 4193 sejungendus.

188 4279 214 4340 l.
240 4277 284 4343 E·
313 4275 523 4344 hirsutus
547 4275 641 4362 (Vabl
675 4275 789 4361 Symb.
821 4277 847 4358 Ι,
884 4279 920 4342 il
949 4277 1010 4345 sub
1029 4275 1238 4362 porticellam
1255 4277 1421 4361 perennis.

139 4365 320 4432 rbiaomate
343 4365 427 4432 duro
456 4366 617 4449 cespitoso
646 4366 746 4432 fibras
777 4367 973 4449 cylindricas
998 4367 1123 4435 validas
1143 4367 1273 4448 edente,
1299 4367 1415 4433 culmis

140 4453 264 4520 erectis
289 4453 417 4520 interne
445 4455 609 4522 induratis
640 4454 841 4538 sublignosis
868 4457 989 4523 erectis
1019 4457 1133 4522 stricte
1162 4456 1302 4522 ramosis
1328 4461 1420 4539 parte

140 4543 287 4608 infcriori
312 4548 345 4608 et
370 4543 409 4610 ad
431 4545 525 4612 oasin
557 4562 726 4612 ramorum
751 4545 890 4613 densius
909 4544 1027 4612 fallatis
1047 4545 1172 4628 vaginis
1202 4545 1342 4613 dilatatis
1362 4561 1420 4610 ore
