3242 5124
178 383 234 444 080
345 477 348 482 Ι
739 403 907 446 animuum
1293 389 1467 450 Hordeum.

221 639 338 706 Suara.
357 639 414 707 ΙΙΙ.
432 640 585 708 Eranam.
599 637 659 708 8²¹¹.
679 677 721 689 -
737 640 879 725 Spicnlae
896 642 937 708 ad
954 641 1057 710 aridos
1079 642 1221 710 rachidis
1238 643 1325 710 biuae
1355 646 1404 710 vel

641 731 766 815 pluries
785 731 1005 798 collaterales.

590 953 776 1030 uonnnuu
803 955 848 1050 p.
876 956 950 1030 aaa.
978 955 1052 1048 aa).

1573 1072 1580 1149 l

216 1150 358 1234 Spiculae
393 1155 424 1219 in
457 1154 591 1221 racbeos
623 1155 786 1221 excisuris
816 1163 919 1221 ternae
948 1156 1098 1224 unillorae
1141 1173 1216 1223 cum
1259 1157 1468 1224 rudimento
1574 1170 1580 1211 t

174 1242 300 1308 flosculi
337 1243 485 1314 secundi.
520 1245 671 1310 laterales
702 1243 751 1326 (in
790 1245 913 1310 uostris
942 1245 1151 1328 spontaneis]
1180 1246 1339 1328 stipitatae
1374 1265 1468 1312 mas·
1576 1246 1581 1261 '

172 1333 254 1396 oulae
286 1333 334 1396 rel
366 1337 503 1406 lleutrae,
533 1333 726 1400 inlermedin
749 1334 1016 1416 bermapbrodila
1051 1335 1178 1400 sessilis
1210 1338 1259 1398 vel
1295 1336 1466 1416 stipitata.

167 1418 297 1488 Glurnae
316 1421 399 1487 binae
416 1429 564 1503 angnslae
580 1424 695 1489 anticas
719 1423 995 1490 subunilaterales
1013 1425 1214 1506 spicularum
1237 1423 1336 1489 trium
1374 1425 1462 1490 sub·

170 1511 333 1591 contigua.
349 1509 556 1576 involucrum
576 1512 748 1578 dimidium
768 1513 972 1578 simulantes.
990 1512 1152 1580 Glumella
1173 1519 1206 1576 ct
1225 1513 1315 1594 palea
1335 1513 1462 1579 racbidi

171 1600 339 1684 oppositae,
362 1600 418 1665 illa
456 1617 595 1667 concava
623 1602 748 1684 integra
776 1603 912 1683 spiculaa
935 1602 1143 1669 intermediae
1166 1603 1197 1666 in
1225 1601 1356 1668 aristam
1386 1620 1463 1683 pro-

172 1690 279 1766 ducta,
305 1689 395 1770 palea
420 1689 666 1757 membranacea
692 1691 869 1759 bicarinata
891 1691 932 1756 ad
951 1691 1080 1758 carinus
1100 1690 1216 1756 scabra
1234 1691 1284 1755 vel
1307 1691 1466 1757 eiliolala.

171 1775 356 1861 Squamula
385 1778 470 1844 binae
497 1780 680 1845 carnosulae
701 1780 825 1860 saepius
864 1779 991 1846 ailiam.
1021 1779 1167 1846 Staurina
1200 1780 1272 1845 tria.
1300 1779 1460 1861 Stigmata

175 1868 247 1933 bina
264 1868 393 1934 sessilis
410 1868 561 1950 plumosa
584 1868 765 1935 lateraliter
783 1870 992 1951 emergentia.
1015 1867 1194 1950 Caryopsis
1215 1869 1355 1952 oblonga
1379 1887 1460 1935 ven·

172 1965 223 2024 lre
242 1957 606 2024 correano-canaliculata
625 1961 750 2025 naucula
768 1957 860 2024 hilari
875 1959 989 2022 lineari
1008 1963 1115 2024 notatu
1136 1958 1227 2040 apice
1239 1957 1339 2040 pilosa
1353 1958 1461 2041 puleae

169 2045 292 2128 saepius
309 2046 489 2114 adhaerens.
507 2081 548 2092 -
566 2045 683 2115 Herbae
700 2067 819 2114 nitriam
839 2047 888 2112 vel
910 2065 1083 2130 perennes.

741 2235 750 2252 '
768 2233 887 2286 Annua.

215 2384 243 2450 l.
272 2381 321 2449 H.
343 2383 780 2458 1chaburensaaeuss.
807 2383 921 2465 Diugn.
950 2381 1027 2449 Ser.
1045 2382 1066 2462 f,
1090 2385 1135 2464 la,
1157 2401 1186 2465 p.
1211 2368 1448 2464 1010001100,

169 2473 284 2538 culnlis
304 2473 424 2539 erectis
447 2473 552 2548 elatis,
577 2473 661 2538 foliis
685 2472 828 2538 flaccidis
852 2471 1031 2538 linearibus
1058 2473 1165 2556 planis
1189 2478 1458 2538 attenuato-acu-

170 2561 310 2628 minotis.
336 2563 426 2644 spici
447 2562 596 2644 elongata
621 2565 809 2644 compressa
837 2565 977 2642 auguste
1002 2561 1139 2627 disticba
1172 2561 1305 2627 racliide
1326 2559 1448 2641 fragili,
1507 2601 1512 2612 ·
1605 2595 1607 2603 ν

168 2651 305 2733 spiculis
337 2651 527 2718 lateralibus
555 2651 711 2733 slipitulis
745 2651 900 2716 masculis
939 2651 1079 2731 muticis,
1105 2649 1303 2716 intermedia
1338 2651 1455 2716 sessili

167 2739 436 2825 hcrmaphrodita
461 2741 607 2811 aristote.
631 2740 751 2822 glumis
776 2740 922 2804 omnium
952 2760 968 2802 a
998 2739 1068 2804 basi
1099 2747 1238 2820 anguste
1272 2739 1457 2806 lanceolata

167 2830 330 2896 subulalis
356 2830 457 2896 dense
485 2830 771 2912 cilialo-plumosis
792 2829 938 2894 flosculis
963 2828 1155 2895 lateralibus
1174 2828 1458 2910 sesquilongiori·

168 2916 240 2993 bus,
258 2921 415 3002 glurnella
436 2919 638 3000 spicularum
658 2919 840 2984 lateralium
871 2917 1000 2999 runcina,
1022 2918 1157 2998 spieolae
1182 2917 1392 2982 intermediae
1418 2915 1452 2983 in

165 3009 298 3074 aristam
325 3009 464 3075 validam
498 3015 618 3075 rectam
650 3007 777 3072 inferne
811 3008 1045 3085 planiuscnlam
1066 3007 1212 3088 margine
1237 3005 1389 3070 scabram
1412 3007 1452 3072 ct

165 3099 331 3164 multoties
352 3099 530 3179 longiorem
550 3098 707 3180 producta
727 3101 776 3173 Θ.
798 3095 837 3161 H.
854 3093 1024 3159 lleooisnai
1041 3093 1132 3160 Horl.
1151 3094 1224 3160 Par.
1241 3130 1277 3142 -
1291 3093 1332 3159 Η.
1351 3109 1455 3174 span·
1541 3109 1544 3112 ·

165 3187 300 3251 taurana
314 3186 348 3254 0.
365 3187 453 3252 Koob
472 3186 566 3252 Lino.
585 3185 674 3256 XXl.
696 3207 724 3268 p.
746 3185 820 3265 1100,
842 3202 882 3250 en
900 3184 1055 3266 descript.

201 3295 278 3352 Hah.
292 3297 324 3353 in
339 3299 468 3368 pascuis,
482 3297 617 3363 desertis,
628 3297 742 3352 Arabia
753 3301 862 3368 petraea
874 3295 1056 3351 palestinam
1068 3309 1174 3350 versus
1185 3297 1214 3348 et
1227 3309 1316 3349 mons
1327 3292 1454 3349 Thabor

161 3365 320 3424 Palestinae
336 3369 472 3440 (Boissl),
488 3371 568 3426 circu
587 3371 765 3425 Damascum
783 3367 911 3437 (tlailll)
938 3370 966 3422 et
989 3367 1065 3421 inter
1091 3365 1264 3435 Palmyram
1291 3367 1322 3419 ut
1350 3365 1453 3421 Harma

164 3437 248 3522 (Bit),
263 3440 294 3494 in
306 3439 492 3512 rupetribus
502 3440 540 3496 ed
554 3440 627 3495 Oria
646 3445 674 3495 et
688 3439 804 3494 deserto
819 3437 940 3510 Sindjm
957 3439 1088 3508 Assyriae
1111 3435 1244 3491 ‹Haussk
1256 3439 1287 3506 l),
1311 3436 1348 3490 ad
1378 3437 1451 3492 Cor·

164 3508 338 3637 {lnetlglogaku
353 3589 382 3637 et
395 3583 553 3639 Leukoran
571 3583 618 3649 (G.
631 3585 665 3637 A.
682 3582 784 3651 Meg),
804 3581 835 3634 in
855 3582 956 3636 Parsia
972 3581 1104 3635 aurstrali
1125 3579 1164 3634 sd
1180 3579 1354 3659 Persepolim
1379 3579 1450 3649 (ΚΥ.

163 3652 244 3720 eset)
258 3659 287 3708 et
300 3653 339 3708 ad
353 3653 474 3710 Dalechi
488 3653 625 3724 (Hatassk
636 3656 665 3724 lt,
678 3653 853 3708 Belutsohie
867 3651 904 3707 ad
921 3651 1052 3716 Quatteb
1064 3649 1224 3721 (Stooksl).

200 3748 244 3804 Cl.
258 3749 289 3804 C.
304 3748 388 3805 Koch
403 3749 482 3804 bauo
493 3749 624 3821 speciem
639 3753 745 3820 typum
761 3751 961 3819 spontaneam
980 3745 1016 3807 H.
1036 3743 1157 3802 distichi
1178 3760 1242 3800 esse
1266 3745 1450 3816 suspicatur,

164 3819 249 3875 abeo
273 3819 371 3876 differt
390 3821 481 3904 spicae
499 3821 617 3877 rachida
638 3819 745 3891 fragili,
770 3817 880 3900 glumis
902 3819 1014 3888 saepius
1037 3816 1241 3872 villosissimis
1268 3815 1445 3886 glumellam

163 3888 251 3962 longe
264 3892 478 3962 superantibus
492 3906 546 3948 nec
561 3907 603 3947 em
619 3890 806 3963 aequ'rlongas,
820 3890 914 3944 arista
934 3887 1054 3952 flosculi
1068 3887 1241 3943 intermedii
1259 3887 1407 3942 validiore
1422 3889 1448 3942 et

165 3961 299 4033 longiore
312 3977 393 4034 saepe
409 3961 599 4034 semipedali.

280 3527 350 3582 rope
363 3511 522 3582 Smyrnam
537 3511 641 3579 (Ball),
656 3512 688 3566 in
702 3510 942 3566 Transeaucasiae
959 3525 1039 3580 prov.
1057 3508 1205 3564 Sobirvau
1226 3508 1274 3576 (C.
1298 3507 1401 3576 Koch)
1423 3511 1453 3563 el

209 4117 237 4180 0.
257 4116 304 4182 H.
324 4117 556 4182 murinum
572 4114 621 4194 (L.
639 4115 694 4196 Sp.
729 4113 803 4197 lae)
827 4131 989 4192 araneum,
1007 4112 1124 4178 culmis
1150 4111 1302 4196 pluribus
1329 4127 1446 4177 aseen-

161 4205 316 4270 dcutibus
343 4207 409 4270 10111
437 4205 640 4285 longitudine
667 4203 794 4270 foliolis.
821 4203 905 4267 loliis
936 4203 1044 4284 planis
1066 4201 1237 4267 latiuscule
1262 4199 1449 4264 linearibus

163 4293 320 4362 flamidis.
347 4294 435 4375 spicd
464 4293 708 4375 sobcylindrical
735 4293 838 4357 carisa
861 4295 991 4356 dernrun
1019 4293 1142 4355 cernua
1167 4288 1298 4355 racbide
1327 4287 1444 4368 fragili,

160 4381 295 4460 articulis
314 4383 416 4446 ternis
433 4384 627 4448 intermedia
645 4382 754 4447 sessili
776 4382 884 4446 rarius
904 4380 1052 4462 slipitala
1076 4377 1355 4460 beuuapbroditd,
1369 4377 1446 4441 lale

161 4469 285 4535 ralibus
320 4471 521 4551 pedieellutis
550 4472 702 4536 masculis
726 4471 774 4534 rel
810 4471 952 4549 neutris,
980 4469 1133 4534 omuibus
1156 4466 1385 4550 subaepuilalis
1414 4469 1445 4531 el

160 4559 492 4643 aeqrrilnngisgtnmis
513 4560 610 4625 abasi
626 4559 805 4625 lanceolata
820 4559 930 4625 oiliatt
949 4557 1268 4624 sabulum-aristalis
1287 4553 1444 4636 glumelu
