3242 5124
425 1259 623 1364 ellat.
664 1263 756 1366 ΙΙΙ.
797 1263 1234 1366 tlltlost²tttlttt

513 1575 635 1653 out).
663 1575 820 1650 exul.
846 1573 1146 1650 CONlFERAE.

670 1784 776 1868 (Juss.
798 1781 879 1850 Gen.
899 1782 989 1868 tlt).

235 1980 350 2047 atores
379 1980 592 2046 unisexuales
609 1979 788 2046 omentacei
819 1979 987 2062 perigonio
1014 1979 1172 2052 destituti.
1194 1978 1295 2047 Maec.
1316 1981 1475 2048 Aratheroe
1589 1973 1599 1992 ⁸

188 2071 399 2136 bractearum
419 2071 490 2135 basi
508 2071 638 2134 adnatae
656 2069 781 2151 saepius
800 2069 935 2135 88881188
953 2071 1002 2133 881
1032 2087 1130 2134 88888
1155 2070 1277 2134 amenti
1294 2072 1474 2138 ebraoteati

190 2161 266 2226 axin
285 2159 464 2240 dispositae.
486 2157 571 2223 Fam.
587 2158 691 2225 08818
711 2158 786 2222 bina
807 2175 882 2223 raro
911 2159 1004 2241 plura
1023 2160 1111 2224 88818
1133 2159 1255 2224 vertice
1274 2169 1413 2242 pertusa
1433 2161 1474 2225 ad

191 2249 282 2314 basin
303 2250 466 2313 internam
484 2266 698 2330 squamarum
719 2247 840 2312 amenti
858 2248 1062 2322 (ovariornm
1089 2247 1391 2334 sotramilormiurn)
1410 2250 1475 2315 sita

191 2340 242 2406 vel
260 2339 293 2402 in
312 2337 484 2402 involucro
497 2355 643 2408 ‘carnoso
660 2336 753 2418 apice
773 2336 1042 2419 perviosolitaria
1064 2338 1112 2401 vel
1135 2337 1220 2403 bina.
1239 2337 1370 2403 Semina
1385 2338 1474 2403 nuda

189 2426 396 2492 albuminosa
416 2431 525 2491 erecta
544 2429 594 2491 vel
614 2427 760 2504 inversa,
774 2426 956 2506 embryooe
976 2425 1054 2491 axili
1077 2432 1165 2491 recto
1185 2427 1361 2509 anti-tropo,
1383 2433 1474 2508 coty«

192 2517 365 2582 lenonibus
385 2515 510 2600 saepins
528 2515 680 2597 pluribus
701 2515 917 2581 verticillotis.
938 2513 1145 2580 -Arbores
1163 2515 1213 2579 vel
1227 2516 1372 2582 frutices.

536 2755 603 2831 Tu.
629 2757 657 2830 Ι.
682 2755 959 2830 ABIETINEAE
986 2755 1095 2830 Rich.

234 2954 346 3020 stores
365 2955 511 3020 monoiai.
530 2954 669 3021 Amenta
690 2954 833 3019 mascula
853 2953 1038 3018 terminalia
1057 2954 1105 3020 vel
1135 2954 1301 3020 axillaria.
1327 2953 1474 3021 Bructeae

190 3043 342 3129 plurimae
362 3045 414 3109 axi
432 3045 600 3126 spiraliter
615 3045 758 3109 insertae.
778 3043 923 3107 Stamina
941 3041 1004 3108 snb
1021 3045 1222 3126 unaquaque
1238 3044 1368 3110 bractea
1382 3044 1472 3119 bina.

191 3134 357 3200 filamenta
393 3133 599 3207 brevissima,
634 3133 780 3199 antherae
808 3131 856 3216 (in
889 3131 1028 3214 nostris)
1056 3133 1254 3198 bilocnlares
1283 3137 1474 3200 conrteotivo

189 3223 280 3304 apice
300 3223 333 3286 in
348 3223 483 3287 aristam
500 3221 550 3288 vel
564 3221 697 3304 gibbum
716 3221 867 3286 abeunte.
883 3221 1024 3286 Ameria
1041 3221 1180 3286 leminea
1198 3224 1348 3303 squamis
1368 3225 1473 3305 spira-

190 3311 267 3376 liter
282 3311 463 3378 imbricatis
483 3313 612 3378 bractea
632 3311 754 3394 saepius
774 3309 894 3376 adnata
920 3309 1052 3390 stipatis
1072 3312 1265 3390 constantia,
1282 3314 1379 3376 ovula
1410 3313 1475 3377 sub

190 3401 310 3482 quavis
343 3400 482 3482 sqtramt
511 3402 640 3482 gemina
665 3399 865 3466 collateralia
893 3398 926 3463 in
953 3399 1022 3462 basi
1047 3417 1194 3480 squamae
1218 3405 1316 3466 extus
1345 3402 1473 3470 888818.

190 3487 354 3554 Strobilos
377 3490 524 3571 squamis
552 3489 703 3571 plurimis
720 3489 771 3552 axi
803 3488 984 3570 spiraliteri
1003 3489 1124 3554 nsertis
1143 3489 1400 3571 persistentibus
1422 3491 1473 3556 vel

190 3578 322 3644 demum
353 3577 394 3642 ab
418 3577 471 3643 ari
496 3579 615 3644 solutis
645 3584 810 3643 constans.
841 3576 974 3642 Semina
1002 3575 1077 3641 bina
1104 3577 1303 3644 collateralia
1330 3578 1474 3661 pendula

189 3667 273 3733 alata
305 3668 356 3731 vel
383 3673 508 3748 aptare.
535 3703 576 3713 —
605 3667 752 3732 Arbores
778 3665 864 3731 loliis
888 3665 1068 3731 linearibus
1089 3669 1140 3731 val
1168 3667 1273 3749 planis
1306 3668 1355 3731 vel
1388 3687 1474 3732 com·

192 3755 512 3840 presso-triquetris,
539 3756 785 3821 semiteretibus
807 3757 857 3820 nel
876 3755 1135 3837 subtetragonis.

191 3996 304 4070 rlntts
326 3995 452 4092 (Tauro.
473 3996 559 4069 linit.
593 4039 638 4050 -
666 3994 869 4092 Subgeuus
896 3993 1019 4068 Pinus
1047 3995 1159 4070 Eudl.
1180 3996 1303 4070 Conil.
1329 4020 1365 4094 p.
1389 3995 1473 4070 l37.

406 4138 450 4148 -
471 4094 665 4166 Parlatore
684 4095 723 4166 in
745 4095 787 4166 D.
810 4093 848 4168 C.
869 4093 1002 4166 Prodr.
1022 4095 1081 4180 16,
1099 4116 1134 4188 p.
1158 4093 1257 4186 378).

234 4294 374 4362 amenta
401 4293 546 4359 mascula
575 4294 713 4377 oblonga
746 4293 796 4359 rel
826 4294 1006 4377 cylindrica
1031 4294 1100 4358 basi
1128 4295 1313 4377 squamulis
1342 4293 1473 4359 involu-

189 4393 278 4452 crata
295 4385 327 4450 in
344 4384 458 4450 infima
477 4385 679 4450 ramulorum
707 4383 912 4448 novellorum
941 4388 1034 4465 parte
1060 4391 1226 4466 congesta.
1246 4383 1472 4450 Antlrerarum

187 4473 287 4542 locuti
308 4473 590 4556 longitudioalitar
607 4473 824 4540 dehiscentes.
845 4473 984 4540 Amenta
1005 4474 1142 4540 leminea
1168 4474 1201 4539 iu
1223 4472 1469 4555 arboris2parto
