3252 5120
144 370 210 434 8⁶2
714 383 879 430 concauam
1306 367 1430 428 Iuncus.

193 492 270 550 Hah.
284 492 316 548 in
330 492 428 548 Attica
444 489 592 561 (Haldrl)‚
607 490 693 563 Syria
712 491 837 549 littorali
851 489 939 560 (ΒΗ),
958 487 1070 546 amula
1091 491 1193 562 patrea
1214 487 1359 564 (Schimp.
1384 491 1440 550 113

155 565 215 622 sub
229 563 256 620 J.
264 562 414 635 foilnani),
433 561 551 634 Egypto
563 562 702 620 inferiore
715 563 862 636 (Schimp.
879 577 939 617 exa.
956 558 1031 629 291).

193 660 242 717 Ar.
258 659 470 731 coemamus
489 663 633 715 terrarum
647 657 741 715 orbis.

202 814 256 878 aa.
274 811 312 879 J.
330 811 551 899 Tenagela
572 809 687 898 (Ehrh.
711 809 863 890 Baitai,
885 829 916 894 p.
940 809 1017 891 lael
1040 828 1183 890 annuus,
1205 809 1354 877 caulibus
1375 810 1438 876 fili-

145 901 317 968 alormihus
346 901 524 968 humilibus
544 899 748 984 simplicibus
767 902 817 967 rel
839 900 978 966 ramosis
1004 899 1176 980 l-hloliis,
1196 899 1280 966 loliis
1299 899 1437 966 setaceis

157 990 228 1058 basi
255 989 489 1068 canaliculalis‚
505 990 644 1056 floribus
672 989 828 1057 solitariis
854 989 988 1054 remotis
1010 987 1247 1056 subsessilihus
1274 987 1308 1054 in
1325 1004 1436 1070 cymas

159 1077 251 1146 laxas
281 1080 463 1162 pauiculam
485 1081 589 1144 laxam
614 1079 792 1147 formantes
820 1078 999 1160 dispositis.
1019 1095 1188 1161 cymarum
1208 1078 1310 1143 ramis
1327 1076 1437 1144 bifidis

161 1170 363 1251 patent-ihus.
390 1169 548 1251 perigenii
567 1167 689 1251 phyllis
716 1167 1015 1234 ovato-lanceolalis
1036 1166 1141 1234 aculis
1160 1165 1353 1250 aequalibus,
1373 1170 1438 1233 sta·

161 1257 307 1324 minibus
338 1259 437 1336 senia,
459 1255 666 1340 stigmatibus
690 1257 885 1330 convolutis.
911 1257 1043 1338 capsula
1071 1255 1268 1337 subglohosd
1297 1257 1439 1322 obscure

162 1348 290 1429 trigona
317 1346 435 1413 obtusa
466 1349 655 1413 mucronata
684 1346 853 1429 perigouio
881 1345 1139 1427 subaeuuilongb.
1166 1343 1347 1411 seminibus
1372 1363 1438 1410 non

159 1436 420 1518 appendiculatis
447 1435 626 1501 reticulatis
646 1440 698 1512 Θ.
723 1435 804 1501 Hosl
834 1433 944 1499 Gram.
963 1433 1076 1500 Austr.
1095 1433 1158 1499 tab.
1177 1434 1231 1498 91.
1253 1469 1292 1482 -
1309 1431 1440 1499 Juhcus

168 1522 336 1589 Voilluutc'c'
352 1524 471 1590 Thuill.
490 1525 563 1590 Par.
588 1525 660 1589 itt.
680 1557 721 1572 -
740 1521 844 1590 Rchb.
862 1521 905 1588 lc.
924 1521 1035 1589 Germ.
1054 1522 1107 1603 lig.
1130 1523 1206 1589 923.

197 1623 273 1680 Hah.
288 1624 319 1679 in
338 1624 470 1680 humidis
493 1625 531 1681 ad
550 1624 663 1680 rivulos
699 1623 829 1693 Phrygia
850 1623 890 1679 ad
910 1621 1054 1694 Yaparlar
1076 1622 1146 1677 Kidi
1163 1625 1192 1678 el
1212 1619 1441 1677 Yacbamichlar

159 1694 230 1750 Kioi
250 1710 343 1767 prope
364 1669 488 1751 Oucbals
508 1695 614 1821 SBallJ,
628 1668 734 1777 Cilicia
752 1694 891 1750 littoralis
913 1709 1005 1776 proqe
1026 1692 1156 1748 Massiua
1182 1691 1291 1762 (Ball),
1305 1691 1440 1748 Libanus

159 1781 251 1838 prope
265 1767 387 1823 Dimam
401 1765 453 1834 (Bl
463 1769 484 1835 l)
499 1783 514 1821 a
543 1769 574 1822 in
590 1764 983 1836 Calesyrra(Ebrl),Ibor1a
996 1762 1213 1833 Caucaslca(G.
1227 1764 1336 1834 Koch),
1360 1764 1440 1820 Gau-

149 1852 248 1892 ¹casus
259 1843 331 1909 sept.
347 1837 386 1892 ad
402 1837 553 1894 Narlzaua
562 1837 686 1907 (Hohen
699 1841 729 1906 l),

195 1934 244 1989 Ar.
259 1933 344 2003 (laga.
358 1932 437 1989 Hah.
453 1933 485 1988 in
497 1933 617 2006 Europa
632 1932 730 1988 madia
744 1932 907 1990 claustrali
919 1947 938 1988 a
952 1931 1050 1988 Dania
1063 1931 1100 1988 ad
1113 1931 1251 1988 Rossiam
1268 1930 1441 1998 australem,

151 2003 273 2060 ¹Sibiria
288 2005 413 2073 Alisina,
429 2004 675 2061 Afrieahcraalis.

658 2228 780 2294 Forma
795 2225 951 2310 hphra'du.

205 2423 231 2491 J
268 2422 573 2490 muto-maritimus
592 2423 722 2506 (Ledab
751 2423 798 2488 Fl.
824 2422 918 2490 Roas.
941 2422 1047 2506 1v‚p.
1074 2421 1152 2508 ilii)
1171 2423 1305 2490 caudice
1325 2441 1440 2492 crasso

156 2514 335 2596 cespitum,
350 2513 496 2582 caulibus
509 2514 612 2594 elatis,
625 2514 710 2580 loliis
727 2518 760 2578 et
772 2513 903 2579 bractea
919 2511 1080 2578 teretibus
1098 2512 1191 2579 duris
1209 2512 1441 2596 pungentibus,

163 2603 296 2670 aulneto
315 2602 569 2686 pseudolatarali
587 2601 915 2685 supradecomposita
937 2601 1055 2684 eflusa,
1074 2601 1212 2668 llorihus
1231 2602 1443 2668 tlt-lasciuu-

163 2692 249 2773 latis,
271 2691 429 2774 pecigonii
459 2691 579 2775 phyllis
608 2689 741 2773 capsula
762 2690 901 2771 oblongd
920 2694 1012 2758 acula
1034 2690 1244 2756 brevioribus
1271 2690 1442 2758 exteriori-

163 2781 227 2847 bus
257 2781 362 2847 acutis
384 2781 597 2846 interioribus
622 2779 751 2845 obtusis
775 2781 821 2850 Ql.
844 2778 873 2845 J.
896 2777 1054 2845 littoralia
1078 2777 1173 2844 ca-A.
1195 2779 1306 2862 Meyer
1325 2779 1442 2847 Enum.

154 3022 157 3026 -
199 2983 276 3038 Hah.
292 2983 323 3038 in
338 2981 439 3037 insula
449 2981 521 3036 Sara
534 2981 626 3036 maris
639 2981 738 3052 Caspii
750 2979 797 3050 (C.
809 2981 845 3036 A.
860 2979 891 3036 M
902 2983 930 3050 l),
943 2981 975 3035 iu
988 2981 1091 3036 Persia
1101 2979 1218 3037 boreali
1230 2981 1269 3036 ad
1277 2981 1442 3037 Astarabad

151 3053 315 3123 (sunsei),
328 3053 366 3110 ad
379 3052 533 3123 Scilrhodji
547 3054 577 3108 in
591 3051 725 3108 districtu
737 3051 816 3108 Khol
830 3066 913 3123 prov.
925 3051 1116 3124 Aderbidjan.
1133 3053 1225 3121 (Szov
1235 3055 1265 3122 l).

199 3149 306 3205 Facias
321 3147 511 3206 [maritimi
527 3149 611 3219 cujus
622 3147 776 3220 capsulam
790 3153 909 3203 acutam
923 3153 951 3204 et
968 3147 1275 3221 elliptico-oblougam
1286 3147 1374 3204 habet
1390 3146 1442 3204 sed

155 3221 305 3292 majoram
319 3224 349 3276 et
367 3218 889 3292 parigouiumJ.ucuti.1nterambo
905 3221 1028 3276 omuino
1047 3220 1195 3292 hybridas
1209 3219 1336 3276 videtur.

487 3500 609 3574 olai).
636 3499 752 3575 CXL.
778 3498 1132 3576 CYPERACEAE.

658 3709 764 3787 (laiss.
783 3707 863 3775 Gon.
885 3708 955 3793 aa).

209 3899 321 3969 utores
352 3903 607 3988 hermaphroditi
638 3903 689 3972 vel
714 3904 850 3970 dictiues
875 3903 909 3968 iu
939 3904 1055 3986 spicas,
1074 3901 1224 3984 apiculas
1250 3903 1297 3969 sic
1318 3902 1438 3978 dietas,

162 3990 323 4072 dispositi,
344 3992 496 4072 bracteis,
528 3992 653 4074 plumis
690 3993 797 4075 dictis,
830 3992 977 4060 distichis
1022 3993 1073 4060 vel
1106 3992 1286 4059 imbricatis
1321 3992 1442 4072 singuli

164 4079 295 4146 inclusi.
315 4081 523 4164 Perigouium
542 4081 668 4149 nullum
685 4080 785 4146 vel-iu
801 4084 896 4156 selua,
918 4082 969 4147 vel
991 4081 1165 4148 indiacum
1190 4087 1247 4147 aul
1266 4080 1442 4147 utriculum

164 4173 339 4234 mutatum.
359 4169 504 4236 Stamina
532 4170 581 4256 (in
607 4169 744 4253 nostris)
768 4171 832 4236 tria
857 4171 1029 4255 hypogyna
1061 4171 1174 4250 libera,
1193 4170 1338 4236 antherae
1357 4168 1444 4236 basi-

164 4257 238 4322 lixae
267 4259 378 4326 liherae
398 4259 603 4326 biloculares.
623 4259 781 4326 (icarium
809 4256 946 4326 liberum
976 4261 1174 4327 uniloculare
1204 4259 1444 4337 nniovnlatum‚

155 4347 274 4430 ‚stylus
296 4349 422 4423 unicus,
440 4350 590 4429 stigmata
605 4350 672 4428 hd,
694 4349 827 4415 uvulum
842 4353 998 4415 erectum.
1016 4349 1142 4416 Nucula
1160 4349 1371 4431 triangularis
1389 4350 1445 4413 vel

156 4453 356 4518 ‚compressa
387 4437 605 4505 iudahiscens.
632 4438 749 4502 Samen
779 4442 928 4504 erectum
954 4439 1137 4522 pericarpio
1168 4456 1230 4504 uon
1258 4437 1447 4515 adhaerens,

157 4531 252 4592 ..usta
268 4527 389 4608 tenuis,
411 4526 546 4610 emhryo
560 4527 707 4593 minutus
724 4526 757 4592 in
778 4525 849 4593 basi
866 4526 1041 4594 albuminis
1055 4526 1218 4592 larinaeei.
