3192 5102
120 357 277 420 camacum.
638 373 858 418 coucuroacala
1331 363 1384 420 157

122 479 307 539 1111000111
325 480 357 549 *le
375 479 514 552 pollicere
528 482 658 539 crassitie
672 498 778 556 pennae
799 485 946 540 anserinae
965 483 1152 539 extremitate
1176 485 1289 555 postica
1312 483 1384 540 sub·

124 555 300 610 incrassatum
319 554 348 606 et
360 551 398 606 ad
411 556 549 624 quartam
561 555 676 626 partem
690 555 887 628 longitudinis
901 569 1029 620 superne
1045 553 1132 610 deute
1145 553 1230 610 brevi
1251 559 1385 626 auctum,

121 624 288 681 extremitate
304 625 406 678 aulica
424 639 483 680 non
497 638 629 681 cormum
647 627 700 682 sed
718 627 857 710 spatham
871 630 1030 696 angustam
1050 625 1239 697 ali-pollices
1263 627 1384 700 longam

122 695 208 752 11101.
220 693 319 750 Floras
338 694 382 750 eis
399 693 628 752 contammata
648 697 838 754 subminores
862 697 934 752 tubo
954 697 1017 766 (3-5
1034 695 1193 768 pollicari),
1208 699 1342 753 tenuiore
1359 702 1387 753 et

122 766 225 822 laciniis
236 764 468 836 augustioribus.
483 765 566 824 Folia
577 769 686 851 saepius
701 769 802 824 tenuia
816 767 955 825 illusam
968 766 1029 823 lata
1043 767 1104 824 fera
1125 767 1209 826 Croci
1229 768 1281 825 scd
1296 770 1385 825 lutar-

119 838 186 894 =dum
198 841 260 908 poet
273 835 414 893 antbesin
429 837 534 894 latiora
552 838 601 895 aa
614 839 709 896 lmeas
723 839 795 897 lata.

351 1061 445 1128 Sacc.
466 1059 505 1124 ll.
522 1059 760 1128 Eucocourcun.
781 1093 825 1108 -
843 1059 982 1129 Coimus
1001 1061 1155 1146 simplex.

345 1246 354 1263 ’
373 1241 458 1299 Folia
472 1242 680 1314 hysteranthia
695 1244 838 1313 vernalia,
851 1244 939 1302 flores
952 1245 1147 1302 autumnales.

162 1397 189 1461 1.
207 1395 246 1463 (t.
263 1393 423 1463 laetum
440 1394 543 1482 (Stel.
563 1393 655 1464 ble'm.
670 1395 771 1480 blosq.
790 1415 819 1480 p.
839 1397 881 1462 66
901 1395 964 1462 101.
976 1396 1032 1478 ts)
1049 1396 1151 1462 cormi
1165 1397 1251 1463 ovati
1271 1396 1388 1464 liuticis

118 1485 233 1552 crassis
266 1485 300 1548 in
330 1485 450 1550 collum
479 1486 574 1568 longe
608 1485 788 1568 productis,
813 1485 899 1552 loliis
923 1486 1042 1552 erectis
1069 1486 1175 1570 planis
1203 1486 1389 1554 lanceolatis

121 1576 205 1658 apice
228 1574 408 1640 attenuatis
434 1574 659 1656 acutiuscula,
685 1574 824 1642 floribus
855 1575 921 1652 1-3,
941 1574 1099 1657 perigenii
1128 1573 1253 1642 laciniis
1269 1575 1389 1658 pallida

119 1663 246 1730 ilicinis
280 1681 344 1728 non
372 1663 549 1730 tessellatis
577 1663 883 1746 eborata-oblongis
910 1665 963 1730 vel
988 1662 1140 1746 ellipticia
1163 1664 1290 1731 obtusis
1311 1661 1389 1730 tubo

116 1753 238 1836 s-r-pto
254 1751 464 1819 brevioribus
484 1753 504 1818 1
527 1753 553 1819 si
582 1752 674 1820 iulus
703 1753 838 1834 glabris,
857 1751 1055 1819 staminibus
1082 1751 1179 1820 limbo
1198 1753 1297 1836 duplo
1319 1753 1387 1819 bre·

123 1841 272 1920 rioribus,
321 1842 470 1909 enthecis
507 1772 612 1910 luteis
646 1843 811 1910 illamenlo
841 1841 1007 1924 subdupla
1040 1843 1261 1923 brevioribus,
1296 1842 1390 1925 stylis

117 1931 266 1998 antheras
282 1931 406 2014 saepius
422 1931 656 2014 superantibus
681 1931 888 1999 rectiusculis
910 1933 1000 2014 apice
1023 1930 1239 1999 subtruncuto
1258 1931 1391 2014 stigma-

116 2021 191 2087 tosis
213 2030 261 2094 lt.
283 2019 317 2087 G.
346 2020 537 2087 urtlmnnalc
554 2020 595 2086 11.
612 2021 650 2086 Β.
669 2021 767 2087 Taur.
786 2020 881 2087 Caua.
909 2021 932 2100 l,
955 2020 1018 2086 193
1034 2020 1158 2105 (quoad
1176 2023 1218 2106 pl.
1240 2019 1390 2087 Caucasi·

125 2110 215 2193 cam).

152 2218 225 2275 Hah.
243 2219 278 2275 in
292 2221 428 2276 Caucaso
440 2218 479 2274 ad
497 2219 622 2275 iluvlum
638 2219 734 2276 Terek
748 2219 871 2290 (slavi),
896 2219 928 2274 in
941 2219 1055 2291 campis
1076 2233 1180 2274 versus
1200 2216 1393 2290 Grorgiewsk

115 2288 162 2358 (C.
175 2294 209 2346 Α.
226 2291 298 2362 biey
308 2294 337 2360 t).
357 2291 484 2363 Specim.
496 2289 624 2347 foliiiera
638 2289 721 2347 herb.
734 2291 884 2362 Ruprecht
898 2304 936 2345 ex
950 2289 1179 2358 Wladflraukaa
1202 2303 1238 2344 su
1262 2305 1295 2344 ra
1307 2288 1391 2344 Tillis

119 2367 147 2417 et
158 2376 192 2417 ex
207 2369 311 2418 monta
324 2361 495 2434 Dindidagh
509 2361 723 2432 Daghastaniae
736 2362 795 2418 huc
808 2364 942 2433 spectare
956 2363 1101 2418 videntur.
1116 2361 1215 2417 Altina
1233 2305 1393 2417 gastum-

115 2431 178 2488 nall
195 2433 314 2490 differre
328 2432 445 2490 videtur
459 2433 539 2489 ioliis
552 2433 787 2504 angustioribus,
802 2435 890 2504 stylis
903 2432 985 2506 apice
1004 2432 1189 2490 rectiusculis
1198 2434 1227 2488 et
1247 2431 1392 2504 stigmati-

121 2503 173 2559 bus
189 2503 483 2578 brevibusycapsula
498 2505 633 2561 breviora
645 2504 790 2577 pollicari.

161 2673 189 2737 3.
215 2669 260 2739 G.
281 2669 651 2754 oscarensium
665 2670 930 2740 mediocriovato
945 2669 1065 2736 tunicis
1086 2667 1344 2735 membranaceis
1362 2667 1396 2732 in

114 2759 233 2827 collum
251 2760 400 2826 breviter
414 2759 583 2843 productis
600 2760 730 2844 vestito,
741 2757 840 2845 (loliis
856 2759 1029 2826 latiuscule
1045 2759 1233 2824 lanceolatis
1251 2774 1396 2841 superne

121 2850 239 2917 sensim
263 2849 442 2917 attenuatis
461 2847 728 2935 acutiusculisl)‚
747 2848 887 2916 floribus
906 2849 1031 2915 bii-nis
1046 2847 1166 2932 pallide
1183 2846 1298 2927 roseis,
1319 2845 1397 2912 tubo

119 2938 240 3007 laciniis
260 2940 333 3006 elon
359 2939 420 3005 alis
441 2939 593 3022 ellipticis
613 2939 740 3006 interna
758 2939 848 3004 iutus
873 2937 1085 3006 subseriatim
1115 2936 1286 3020 puberulis
1314 2935 1398 3000 mul·

117 3030 211 3096 toties
247 2960 406 3110 impigre,
434 3028 630 3095 staminibus
653 3027 821 3113 perigonio
848 3027 982 3093 dimidio
1007 3025 1228 3117 brevioribus,
1252 3024 1398 3091 authoris

119 3117 221 3184 luteis.
233 3119 416 3184 linearibus
436 3117 592 3202 utrinque
608 3123 746 3199 auguste
764 3115 1218 3199 membranaceo-marginatis
1233 3114 1399 3179 illameulo

118 3207 213 3292 triplo
250 3206 471 3290 brevioribus,
505 3208 600 3290 stylis
634 3207 773 3273 stamina
806 3205 1107 3289 subsuperantibus
1132 3203 1399 3284 rectisstigmate

120 3297 329 3381 puuctilormi
354 3305 400 3369 a.
425 3295 460 3362 C.
481 3294 592 3362 laetum
609 3295 760 3363 Decaisn.
781 3296 814 3362 in
833 3295 921 3362 Bova
941 3293 984 3361 ill.
1008 3295 1126 3362 Palest.
1145 3313 1209 3362 non
1231 3293 1272 3358 lt.
1292 3291 1330 3358 B.

152 3408 230 3464 Hah.
253 3409 286 3464 in
299 3407 473 3464 Antilibano
487 3405 526 3462 ad
540 3406 674 3462 Balbeck
690 3406 805 3479 (Bova),
820 3407 935 3464 Libano
952 3408 990 3463 ad
1007 3407 1231 3476 Machmoucht‚
1246 3407 1358 3464 Ghazir
1372 3413 1402 3462 et

116 3495 202 3552 suprr
216 3480 336 3552 Dy'ebaa
347 3478 478 3548 (Gellii),
493 3479 570 3534 circa
583 3478 667 3534 lidan
682 3481 711 3533 et
719 3478 836 3550 Tripoli
846 3483 935 3550 atque
945 3478 983 3534 ad
991 3478 1158 3548 Gedrosissl
1170 3481 1199 3547 l),
1210 3478 1353 3536 Becherre
1363 3479 1401 3534 ad

118 3551 210 3691 &aas
230 3551 320 3690 1111ῗῖίί
342 3549 492 3606 Kadiscba
516 3549 719 3623 (Schweinll),
738 3551 771 3606 in
783 3551 901 3626 Amano
920 3551 999 3606 inter
1008 3550 1114 3608 Bellen
1127 3555 1156 3606 el
1167 3551 1226 3608 Ain
1241 3550 1270 3607 el
1291 3550 1400 3607 Baitha

178 3638 231 3678 uss
290 3662 296 3677 .

152 3717 263 3773 Differt
279 3733 297 3771 a
311 3717 337 3772 u.
357 3715 427 3774 loeto
446 3715 572 3773 floribus
594 3715 685 3789 duplo
709 3717 886 3800 majoribus²
908 3718 1026 3774 laciniis
1045 3717 1143 3788 tyr-2
1164 3717 1289 3791 pollices
1304 3718 1402 3790 longis

121 3788 197 3843 intus
219 3802 315 3861 supra
327 3787 441 3845 iaucem
457 3788 550 3844 hirtis.
565 3787 649 3844 Folia
664 3789 701 3858 (al
714 3803 750 3844 ea
765 3788 936 3862 speciminis
950 3805 987 3845 ex
999 3791 1116 3846 Amano
1130 3789 1188 3846 huc
1204 3793 1280 3846 recte
1293 3789 1402 3859 resero)

119 3859 167 3917 6-8
178 3859 340 3943 pollicaria
351 3860 399 3915 1-1
416 3860 448 3928 ¹l2
462 3859 602 3932 pollicem
612 3859 681 3915 lala.
698 3860 800 3916 Facies
815 3859 847 3916 C.
861 3861 988 3918 candidi
998 3860 1116 3918 laciniis
1132 3861 1277 3934 perigonii
1291 3876 1402 3932 angus-

121 3931 259 4058 tiiorrbutss
287 3931 468 3988 staminibus
490 3931 576 3987 limbi
601 3933 793 4002 proportione
822 3931 1012 3989 brevioribus
1031 3937 1061 3990 ct
1075 3933 1265 4004 stigmatibus
1287 3932 1404 3988 falcatis

141 4004 228 4058 istinc
243 4003 266 4059 ‘.

161 4167 193 4232 i.
218 4164 251 4234 C
278 4163 643 4246 Hausskneohtii‚
675 4167 775 4234 bulbo
801 4185 912 4236 crasso
941 4167 1246 4252 elongato-oblongo
1276 4168 1402 4252 vaginis

123 4253 383 4321 membranaceis
400 4255 431 4321 in
452 4255 571 4322 collum
594 4255 727 4338 longum
744 4275 893 4323 crassum
915 4258 1093 4340 productis,
1111 4257 1243 4336 loliis...‚
1265 4257 1405 4326 floribus

116 4343 177 4409 aa
199 4343 279 4411 tubo
295 4345 497 4427 longissima,
527 4345 686 4429 pcriyonii
709 4347 797 4412 rosei
818 4346 945 4412 laciniis
965 4347 1157 4432 patentibus
1182 4347 1335 4432 ellipticis
1354 4347 1405 4414 vel

121 4429 873 4502 obverselanceolatisobtusisbasiattenuatis
893 4437 1007 4504 nervis
1027 4433 1061 4502 in
1080 4436 1406 4520 parteinieriorigla-

119 4517 181 4587 bra
195 4523 354 4591 sinuatim
368 4521 943 4602 ssexrrosissimis,staminibuslimbo
959 4525 1056 4593 tertia
1071 4530 1164 4610 parte
1184 4525 1407 4605 brevioribus,
