3218 5124
5 419 6 446 n
132 375 288 455 AEprlope.
693 397 865 441 Gnarum
1362 382 1418 441 673

131 508 233 574 ariste
250 508 421 577 aminaea
438 509 606 576 multoties
620 511 767 592 longiore
784 510 900 594 obsiti,
916 508 1109 594 caryopside
1126 506 1292 592 glumellae
1306 507 1416 574 adbe-

133 601 229 664 reule
248 604 298 677 Θ.
317 598 397 666 Host
415 596 526 665 Gram.
544 599 601 665 lli.
620 599 685 666 lab.
711 601 763 666 3⁰2.

178 727 202 812 β
222 727 451 794 loaiorroclvr'a.
473 766 510 776 -
530 729 647 796 Omnia
659 731 728 814 typi
743 734 860 813 praeter
884 731 1027 799 raolridis
1047 731 1204 798 articulos
1230 735 1415 819 complana-

134 819 186 885 los
211 818 357 901 margine
373 823 407 884 el
429 817 469 882 ad
499 819 594 885 basin
613 819 748 902 spiculae
771 821 865 902 louge
895 827 928 888 el
949 822 1051 887 dense
1071 821 1297 904 albo-pilosos.
1319 859 1361 872 -
1381 822 1414 890 T.

134 901 319 972 Bmolicum
336 907 442 974 Boiss.
475 908 588 992 Diagn.
607 906 680 988 Ser,
704 907 732 990 1,
749 909 798 988 le,
815 928 847 992 p.
868 912 920 976 69.
941 947 983 959 -
1004 908 1036 975 Τ.
1057 909 1235 976 Pboorrdar
1264 912 1360 978 Reut.
1379 911 1414 978 in

5 1031 6 1034 =
132 990 254 1080 Bourg.
293 1015 361 1064 ers.
390 1033 435 1044 —-
458 996 665 1064 Critborla‘um
691 997 898 1080 mpilopoidcc
933 1000 1018 1068 Liuk
1064 997 1160 1065 Linn.
1198 999 1253 1080 lv,
1284 1021 1313 1085 p.
1352 1002 1414 1066 itt

131 1081 208 1242 gibi
241 1103 362 1241 εὲἓοὸηε
381 1087 490 1169 gluma
516 1087 610 1154 urrica
646 1087 790 1171 dicitur).
820 1123 862 1138 -
886 1088 1040 1170 AEpitopa
1068 1087 1273 1156 Grillodiom
1300 1089 1415 1161 Slcud.

163 1193 244 1242 ram.
333 1224 341 1239 .

169 1297 249 1356 Heb.
263 1301 294 1356 iu
309 1299 488 1372 graminosis
500 1304 610 1373 saepius
620 1303 782 1369 montanis,
792 1303 907 1360 Graecia
918 1303 950 1359 in
960 1303 1101 1374 Argolide
1111 1305 1141 1358 et
1159 1303 1274 1359 Achaia
1285 1301 1415 1376 (Linkl),

155 1367 262 1427 lanitia
280 1371 424 1427 Thebana
446 1371 806 1498 (sprunl),1,ydiaiuter
828 1375 987 1445 Smyrnam
1009 1379 1039 1429 el
1062 1375 1109 1430 Me
1133 1377 1246 1430 nesiam
1269 1382 1298 1431 et
1321 1389 1414 1502 propo

184 1441 261 1498 char
275 1441 413 1513 Pbrygiae
441 1443 484 1499 Ba
504 1444 524 1514 l)
543 1444 632 1515 Lycia
643 1446 674 1499 in
689 1444 818 1502 collibus
829 1445 947 1501 Elmalu
962 1446 1082 1517 (Bourg.
1138 1448 1191 1517 ll),
1205 1449 1306 1502 monte
1343 1445 1413 1502 soli-

133 1507 479 1644 ᾖξὲἱξθείῖἳῖἒὲῗάῗῗθ
495 1487 665 1586 (liausslrl),
679 1515 898 1590 Mesopotamia
913 1517 990 1573 inter
1005 1517 1076 1574 Oria
1089 1521 1118 1574 et
1129 1515 1242 1573 Suerek
1257 1517 1330 1590 (Ky.
1341 1515 1412 1586 uer).

172 1693 298 1768 Absque
312 1697 404 1753 dubio
415 1701 615 1770 spontaneum
628 1702 657 1754 et
677 1698 778 1756 llilica'
791 1701 960 1758 monococoi
971 1701 1041 1758 culti
1056 1701 1152 1774 origo.

170 1811 236 1868 obs.
257 1811 403 1870 Triuiam
414 1813 578 1872 loliccmrm.
589 1815 655 1871 Del.
671 1815 722 1888 Eg.
739 1831 777 1872 ex
790 1816 825 1873 cl.
835 1817 1003 1874 Ascbersou
1018 1822 1087 1890 post
1098 1815 1180 1874 herb.
1194 1817 1343 1874 Delileani
1353 1818 1413 1872 ine·

133 1883 299 1948 portionem
315 1891 359 1940 est
371 1884 571 1944 Deomoziera
584 1886 710 1944 loliaoea
725 1887 813 1959 Nym.
824 1887 1015 1945 Alexandriae
1036 1889 1167 1945 iudicata
1186 1887 1239 1944 sed
1249 1904 1287 1945 ex
1299 1887 1336 1946 cl.
1352 1892 1409 1944 As-

134 1949 260 2010 obereon
272 1957 304 2010 in
314 1955 432 2030 Egyplo
448 1973 508 2014 non
524 1961 698 2030 spontanea.

532 2192 706 2268 ncrlors
734 2195 783 2288 (u.
804 2195 879 2270 seu.
900 2194 1013 2290 riso).

179 2388 320 2472 Spicula
337 2391 472 2458 sessiles
488 2393 520 2457 in
540 2390 694 2458 dentibus
714 2393 849 2459 racheos
868 2393 1026 2460 solitaria
1042 2388 1268 2476 S-plnrillorm
1286 2391 1412 2458 rachidi

1 2497 7 2506 ·
136 2480 316 2562 parallelae,
338 2481 520 2548 terminalis
537 2482 589 2549 vol
610 2481 666 2546 9-3
691 2482 882 2565 superiores
910 2483 1042 2549 steriles
1064 2481 1263 2565 graciliores.
1286 2481 1414 2548 Glumre

136 2565 224 2634 binae
238 2570 393 2637 coriaceae
410 2571 460 2634 vel
480 2571 696 2654 cartilagineae
713 2588 862 2637 concavae
873 2571 971 2638 dorso
996 2591 1060 2638 non
1074 2571 1228 2638 carinatae
1240 2571 1415 2637 multiner-

135 2671 196 2724 ves
213 2659 303 2742 apice
319 2663 480 2725 truncatae
500 2661 635 2740 integrae
654 2659 705 2725 vel
723 2660 862 2727 dentatae
881 2661 1036 2727 dentibus
1053 2660 1219 2727 interdum
1239 2659 1272 2725 iu
1292 2659 1413 2724 aristas

136 2745 318 2830 productis,
344 2749 545 2831 spicularum
580 2749 762 2816 lateralium
786 2750 1030 2832 inaequilalerae.
1059 2749 1221 2816 Glumella
1244 2749 1414 2814 chartacea

134 2849 276 2901 concava
293 2855 358 2903 uon
372 2838 422 2904 vel
444 2839 499 2904 vix
516 2839 660 2905 carinula
678 2838 790 2904 nervis
810 2839 900 2922 apice
918 2857 982 2905 non
999 2837 1253 2906 conniventibus
1273 2837 1364 2920 apice
1380 2839 1414 2901 l-

134 2921 303 2992 a-uenutn
336 2925 489 2994 dentibus
523 2928 668 2994 aristalio
700 2928 822 3010 saepius
847 2928 995 2998 ,muticis
1027 2927 1125 2995 Palea
1157 2927 1335 2992 bicarinala
1370 2926 1413 2991 ad

134 3013 262 3083 carinas
299 3015 417 3083 cilicia.
451 3016 647 3101 Squannrlae.
679 3015 839 3097 stigmata,
868 3018 1037 3100 caryopsis
1063 3024 1099 3084 ul
1133 3017 1166 3082 in
1202 3013 1333 3080 illlr'co.
1374 3050 1413 3062 -

133 3095 253 3168 Herba
277 3123 407 3170 annuae.
424 3141 467 3152 —
485 3105 597 3174 Genus
625 3104 745 3170 Tritlco
773 3107 868 3172 valde
882 3105 982 3172 affine
1001 3110 1033 3173 et
1051 3122 1126 3172 cum
1145 3123 1219 3172 eoa
1241 3103 1411 3170 nonnullis

133 3191 325 3259 auctoribus
341 3197 562 3278 conjunctum,
578 3194 746 3261 commode
766 3200 873 3261 tamen
903 3195 1025 3273 babitu,
1052 3195 1174 3278 glumis
1202 3199 1235 3260 el
1258 3193 1415 3277 glumella

134 3295 202 3346 non
219 3281 374 3350 carinatis
391 3283 674 3367 distinguendum.

287 3529 296 3548 '
315 3527 435 3585 Glumae
448 3545 551 3586 omnes
566 3531 614 3586 vel
628 3530 797 3603 superiores
810 3533 928 3586 tantum
943 3531 973 3585 in
987 3529 1092 3586 arieles
1111 3527 1272 3602 productae.

555 3681 588 3744 ÷
608 3676 727 3733 Glumae
741 3691 845 3733 omnes
858 3675 997 3732 aristetoe.

184 3846 211 3908 l.
231 3843 293 3912 Ε.
313 3851 453 3914 ovata
468 3845 517 3928 (L.
534 3845 590 3930 Sp.
616 3845 717 3933 itae)
737 3866 845 3912 annua
865 3845 1068 3930 pluricaulis.
1085 3844 1202 3911 culmis
1214 3844 1415 3925 geniculato·

133 3933 403 4015 ascendentibus,
421 3935 507 4001 loliis
524 3936 702 4002 linearibus
724 3937 830 4020 planis
848 3935 973 4002 villosis
992 3936 1043 4001 vel
1058 3933 1189 4017 glabris,
1208 3933 1298 4017 spica
1318 3933 1415 4001 brevi

134 4025 231 4090 ovata
248 4023 350 4088 dense
377 4023 610 4107 lla-spiculata
626 4026 755 4109 integre
778 4025 819 4090 ab
842 4026 933 4108 apice
956 4023 1056 4091 culmi
1086 4021 1219 4088 demum
1240 4022 1415 4090 secedente

134 4111 272 4179 racbeos
303 4111 401 4178 dente
432 4114 587 4179 inleriore
622 4115 779 4197 apiculam
817 4113 1086 4180 rudimentariam
1123 4111 1246 4194 saepius
1285 4113 1414 4178 unicam

133 4206 281 4284 gerente,
301 4201 438 4286 spiculis
458 4199 673 4269 inferioribus
691 4203 857 4268 a-l-ssoris
874 4203 979 4268 ovatis
1009 4201 1134 4268 inllatis
1158 4217 1303 4282 superne
1320 4217 1415 4266 cons-

134 4289 242 4356 trictis
258 4291 383 4356 caeteris
401 4291 557 4358 tenuibus
582 4293 752 4358 sterilibus
770 4289 906 4370 billoris‚
922 4291 1043 4374 glumis
1059 4288 1320 4371 ovato-oblongis
1347 4289 1415 4354 bir-

135 4378 180 4445 tis
198 4379 396 4445 ventricosis
413 4380 566 4447 omnibus
583 4380 778 4466 plerumque
808 4379 1086 4464 quadriurisratis
1105 4379 1262 4462 glnnelle
1287 4378 1415 4461 glumas

133 4465 351 4550 aubaequsnte
368 4469 587 4548 att-aristote,
605 4470 716 4537 aristis
733 4469 1092 4536 lanceolato-subulatis
1103 4468 1271 4534 trinerviis
1287 4466 1414 4533 scabris

132 4557 385 4640 erecto-patulis
403 4559 590 4641 glumarum
608 4560 813 4643 ctglumellae
831 4558 977 4626 omnium
997 4559 1200 4643 spicularum
1217 4556 1417 4641 subaequali·
