3262 5114
1 4447 3 4508 l

154 385 288 444 Pilleum.
706 403 876 446 canmnsra

150 515 232 582 rulis
270 514 463 598 aequilengis
497 515 551 582 illa
592 516 751 584 trinervit
776 483 882 584 'oveti
917 515 1035 582 obtusi
1067 511 1306 596 subfimbrialt,
1341 518 1441 600 palei

152 605 281 672 binervi
301 611 351 682 Θ.

186 730 264 786 Hab.
279 731 309 785 in
326 729 456 786 collibus
480 730 564 787 siccis
585 731 680 802 Syriae
703 732 835 788 borealis
857 733 895 788 ad
917 731 971 788 Ale
995 746 1033 798 po
1058 731 1132 802 (Ky.
1153 731 1228 802 197),
1251 732 1290 787 acl
1313 731 1383 789 Orsa
1408 738 1437 790 et
1549 723 1607 802 xj,

152 801 264 858 Aintab
277 799 413 870 (Haussk
425 803 456 872 l),
469 801 569 858 Tauro
583 803 704 860 Cilicico
719 803 757 860 ad
775 803 874 860 Gulek
893 803 963 859 Mea
985 819 1021 858 eu
1040 801 1119 859 6600'
1142 802 1213 874 (Ky.
1232 803 1283 858 82!
1302 805 1358 860 sub
1380 804 1436 860 Pa.
1544 802 1608 864 *rsit

153 871 305 943 urerer),
320 874 351 927 in
366 875 464 928 arenis
478 874 637 930 maritimis
652 875 763 932 Ciliciae
778 875 817 930 ad
831 875 964 930 Mersina
984 873 1063 942 (Bal.
1075 873 1165 945 7431),
1184 875 1317 930 Caucaso
1343 891 1435 948 propa
1545 945 1548 954 ,
1564 868 1614 935 'iis

152 945 269 1002 Weden
280 943 416 1013 (Owerin
427 947 458 1014 l).

185 1047 212 1099 A
226 1043 278 1099 Pb.
292 1045 372 1100 tenui
387 1042 499 1113 glumia
512 1057 640 1116 superne
654 1059 714 1100 non
727 1046 892 1102 introrsum
906 1045 1038 1102 curvatis
1048 1043 1359 1118 couvergeutibusque
1383 1045 1435 1101 sed
1557 1026 1617 1139 ''i-²1¹

152 1114 380 1186 divergcntibus
394 1119 563 1170 extrorsum
585 1117 776 1173 subcurvatis
792 1117 975 1173 distinctum.

200 1281 231 1344 s.
271 1277 346 1344 Pu.
377 1276 584 1346 oraeoum
611 1280 733 1364 (aaa.
765 1285 798 1346 a
834 1279 947 1345 uerna.
975 1279 1091 1346 senen.
1125 1281 1219 1344 raas.
1242 1316 1285 1326 -
1313 1279 1434 1362 uragu.

152 1368 225 1436 Ser.
242 1367 284 1444 ΙΙ,
307 1368 355 1446 ts,
371 1387 402 1452 p.
422 1367 488 1446 lli),
507 1387 653 1434 aunuum
671 1369 821 1451 glabrum
841 1370 963 1452 saepius
983 1368 1193 1452 pluriculme‚
1212 1368 1331 1434 culmis
1346 1387 1437 1436 erec-

153 1460 195 1524 lis
215 1457 378 1538 rigidulis,
397 1455 482 1521 loliis
504 1457 684 1524 linearibus
704 1459 828 1539 glabris
849 1457 1063 1532 laeviueculis,
1084 1457 1234 1540 panicula
1256 1457 1436 1540 spicllormi

151 1549 246 1629 longe
263 1552 295 1612 et
313 1545 414 1611 dense
432 1545 623 1627 cylindrica,
633 1547 770 1631 spinulis
783 1547 984 1630 compressis
1000 1547 1187 1622 linearibus,
1198 1547 1318 1628 glumis
1335 1563 1437 1612 metn-
1546 1562 1622 1631 l

152 1634 324 1703 branaccis
348 1635 594 1702 navicularibus
623 1637 723 1704 dorso
758 1637 929 1702 trinerriis
956 1653 1053 1703 secus
1081 1637 1223 1702 carinam
1258 1636 1374 1702 crebre
1402 1643 1435 1701 et
1539 1645 1616 1722 ·.-3l

151 1727 246 1806 louge
269 1724 455 1806 pectinatim
480 1724 597 1790 ciliatis
621 1725 809 1792 lanceolatis
831 1743 976 1808 superne
1007 1724 1321 1808 subdivcrgenlibus
1350 1725 1437 1791 aris·
1551 1725 1628 1812 (sal

156 1814 444 1892 tato-acuminatis,
466 1814 622 1894 glumellt
639 1821 673 1880 el
699 1816 792 1898 palea
821 1815 942 1896 glumis
959 1815 1111 1896 sextuplo
1137 1813 1348 1880 brevioribus
1368 1814 1435 1896 gla·
1535 1832 1627 1898 Ἴ

150 1903 305 1970 berrimis
331 1902 388 1968 illi
404 1905 500 1968 ovata
519 1905 670 1970 truncati
695 1904 827 1970 erosuli
855 1904 1112 1987 quinqueremi,
1130 1903 1224 1986 palea
1244 1904 1435 1984 angustiore

153 1991 282 2058 blnervi
306 1989 425 2069 &Pla
451 1995 629 2056 secretum
646 1991 778 2059 Griseb.
795 1991 852 2075 Sp.
874 1994 904 2075 t,
926 2012 958 2077 p.
976 1993 1042 2057 aaa
1062 2011 1128 2058 uon
1147 1992 1280 2058 Hoclrst.

1564 2083 1582 2106 ,,
1592 2074 1626 2107 ..,

187 2117 265 2173 Hab.
281 2119 312 2172 in
326 2119 438 2190 campis
454 2117 616 2187 sterilibus,
625 2121 744 2188 vinetis,
757 2135 848 2192 prope
861 2119 1004 2190 Athenas,
1019 2123 1121 2174 monte
1134 2119 1228 2175 AEnos
1243 2117 1436 2190 Cephaloniae
1551 2107 1624 2206 ,ἦ

155 2189 262 2253 (Heldr
272 2193 299 2260 ll,
310 2189 402 2260 Lycia
418 2189 455 2244 ad
471 2188 581 2244 Adalia
594 2193 705 2261 (bour-g
717 2193 750 2261 l),
760 2191 951 2262 Cappadocia
965 2190 1003 2245 ad
1016 2189 1141 2246 Talasse
1155 2205 1249 2317 prope
1269 2190 1437 2246 Caesaream

150 2260 342 2401 {fflilgliallg
361 2260 568 2332 Paphlagonia
588 2262 726 2333 (Wiedl),
749 2262 838 2333 Syria
855 2261 979 2318 littorali
1001 2261 1038 2316 ad
1061 2262 1153 2333 Beryt

187 2429 284 2485 Affine
294 2429 330 2484 P.
343 2436 473 2488 emanata
484 2433 514 2486 et
523 2431 579 2487 Pla.
589 2436 740 2503 arenario,
752 2448 769 2486 a
782 2431 872 2504 priori
887 2431 998 2502 glumis
1010 2430 1101 2503 duplo
1116 2431 1304 2501 longioribus
1319 2430 1436 2486 lanceo-

151 2502 222 2557 latis
242 2516 297 2556 uec
312 2500 451 2572 oblongis
470 2501 590 2573 longius
611 2507 640 2558 et
659 2503 791 2558 crebrius
814 2502 1100 2575 pectinata-ciliatis,
1122 2518 1140 2558 a
1163 2503 1325 2574 posteriorc
1344 2502 1435 2573 spicis

151 2572 300 2644 elongatis
326 2571 496 2644 glumisque
516 2575 601 2645 apice
623 2574 847 2646 divergentibus
869 2590 924 2629 nec
954 2575 1043 2628 rectis
1076 2573 1115 2628 ab
1139 2578 1266 2644 utroque
1290 2572 1438 2642 glumelle

149 2644 368 2772 Quinquenervi
382 2659 434 2698 nec
444 2645 568 2700 trinervi
579 2643 760 2700 distinctum.
773 2644 922 2701 Pbtenue
932 2617 1076 2715 glumella
1086 2645 1304 2717 quinquenarvi
1314 2658 1436 2716 quoque

174 2723 299 2842 onffirm
315 2714 403 2786 longe
416 2715 515 2772 differt
528 2717 637 2788 glumis
652 2717 796 2772 brevibus
809 2716 985 2772 aemiovatis
1004 2717 1165 2771 introrsum
1179 2715 1311 2772 curvatis
1331 2716 1436 2771 conni-

154 2802 211 2844 veu
260 2801 303 2842 us.

195 2941 227 3003 b.
257 2937 333 3004 Ph.
366 2941 629 3006 arenarium
656 2937 708 3022 (L.
730 2938 784 3022 Sp.
803 2939 860 3024 88)
891 2957 1037 3004 annuum
1070 2938 1191 3020 saepius
1223 2939 1445 3022 cespitosunr,

154 3027 271 3095 culmis
289 3027 408 3092 erectis
428 3028 478 3093 vel
496 3030 752 3096 ascendentibus
773 3028 916 3110 pumilis,
936 3027 1087 3110 panicula
1105 3027 1282 3110 spicllormi
1297 3026 1435 3110 oblongi

154 3117 205 3181 vel
224 3115 370 3183 breviter
389 3116 569 3199 cylindrict
586 3119 689 3184 densa
710 3118 866 3199 utrinque
878 3117 1057 3200 attenuati,
1071 3116 1207 3200 spiculis
1224 3118 1435 3199 compressis

150 3206 272 3287 gluniis
294 3206 481 3272 lanceolatis
506 3209 664 3290 utrinque
693 3207 877 3289 angustalis
910 3205 1104 3273 acuminatis
1134 3205 1225 3288 apice
1248 3205 1348 3270 rectis
1376 3223 1438 3271 nec

150 3294 403 3376 divergentibus
428 3301 553 3372 remote
581 3302 614 3362 et
643 3296 750 3362 valide
769 3295 938 3362 trinerviis
958 3295 1070 3360 carina
1097 3295 1191 3371 longe
1213 3293 1343 3373 ciliciis,
1362 3295 1435 3377 glu-

150 3383 250 3449 mella
280 3387 313 3448 ct
351 3383 442 3467 palei
474 3385 584 3466 glomi
610 3384 795 3468 quadruplo
825 3383 1035 3450 brevioribus
1072 3383 1129 3448 illa
1165 3384 1262 3449 ovata
1296 3385 1434 3449 trinervi

149 3472 269 3538 obtusa
288 3473 486 3538 subdenlali
506 3473 668 3557 puberula
688 3480 736 3552 Θ.
750 3473 841 3556 Engl.
862 3474 926 3539 bot.
946 3473 1010 3537 lab.
1027 3473 1155 3537 itt—-
1168 3471 1302 3554 Crypsis
1315 3490 1436 3538 erena-

150 3561 208 3626 ria
228 3559 315 3627 Desl.
333 3561 401 3627 An.
418 3562 443 3640 Ι,
462 3581 492 3644 ρ,
509 3564 564 3628 63.
587 3599 627 3609 —-
646 3562 834 3628 Cbllocbloa
852 3562 1010 3626 aralraria
1024 3560 1066 3626 R.
1084 3570 1117 3627 ei
1134 3559 1208 3627 Scb.

201 3686 280 3742 Hab.
295 3688 328 3742 in
342 3687 494 3744 littoribus
514 3689 673 3745 maritimis
693 3689 827 3744 arenosis
840 3687 944 3743 Atticae
964 3691 993 3744 et
1012 3688 1149 3744 Corinthi
1164 3687 1280 3759 (Boissl
1301 3687 1436 3760 Heldrl)‚

149 3757 321 3814 insularum
333 3758 432 3815 Tenos
447 3763 477 3815 et
489 3760 609 3831 Myconi
629 3759 739 3830 (Heldr
748 3763 778 3831 l),
791 3759 929 3816 Thraciae
942 3759 1062 3829 (Grlsab
1071 3761 1101 3830 l).

188 3870 228 3924 Ar
248 3869 350 3939 saner.
363 3870 482 3942 Anglia,
495 3871 602 3942 Dania,
612 3869 814 3927 scandinavia
828 3869 977 3942 australia,
985 3869 1086 3927 Gallia
1096 3869 1245 3927 maritima
1257 3874 1285 3927 et
1293 3871 1419 3927 interior

152 3939 314 4013 Hispania,
328 3940 423 4014 ltalia,
436 3942 596 4014 Dalmatia,
610 3941 777 4014 Hungaria.

193 4105 225 4170 5.
247 4103 323 4172 Ph.
349 4124 564 4192 asperum
600 4107 674 4174 Vill.
706 4107 824 4190 Delpb.
850 4109 880 4188 i,
905 4110 958 4186 61,
985 4108 1048 4175 tab.
1074 4109 1110 4194 i)
1132 4127 1279 4176 annuum
1302 4110 1428 4192 saepius

150 4195 345 4278 pluricaule‚
365 4197 482 4264 culmis
495 4199 614 4265 erectis
631 4197 796 4280 rigidulis,
814 4197 899 4263 foliis
922 4197 1097 4266 latiuscule
1119 4197 1302 4266 linearibus
1331 4198 1438 4265 aculis

148 4285 298 4367 rrnnrglne
327 4284 464 4366 scabris,
489 4287 642 4372 panicula
669 4287 847 4370 spiciiormi
884 4287 980 4370 longa
1007 4288 1099 4354 tenui
1127 4287 1307 4370 cylindrici
1332 4287 1435 4354 densa

147 4374 260 4454 viridi,
278 4374 414 4458 spiculis
442 4375 621 4444 lateraliter
650 4377 849 4461 compressis
878 4377 1027 4443 cunculis
1052 4377 1127 4444 sinu
1156 4376 1320 4443 terminali
1347 4376 1442 4442 inter

144 4463 278 4546 glumas
303 4463 517 4532 conniventes
543 4464 733 4544 rotundato,
759 4464 880 4548 glumls
905 4465 1124 4532 subcoriaceis
1151 4466 1275 4548 glabris
1293 4467 1345 4533 vel
1364 4483 1437 4532 sca·

147 4551 220 4618 bris
254 4553 503 4621 auricoloribus
539 4553 843 4622 oborato-cuneatis
880 4554 1051 4623 trinerviis
1084 4554 1213 4622 interne
1249 4555 1435 4638 angustatis

1178 2277 1229 2316 um
1249 2261 1351 2331 (Gaill.
1373 2275 1436 2316 eus.
1552 2225 1631 2336 ¹a*
