3218 5124
187 397 243 458 eoo
741 415 910 460 emensum
1315 401 1465 464 Bromus.
1579 371 1586 490 uf

232 527 284 592 eil.
302 526 346 597 B.
364 527 535 596 rubens
550 528 599 607 (L.
624 526 680 613 Sp,
702 530 778 616 1¹4)
795 547 941 618 annuus,
960 528 1077 596 culmis
1095 543 1241 610 superne
1257 528 1469 612 pubescenli·
1577 528 1586 563 '³

184 612 258 694 bns,
273 616 360 682 loliis
372 616 552 684 linearibus
566 617 759 702 saginisque
773 618 915 685 molliter
926 615 1197 702 pubescentibus,
1211 617 1310 701 ligula
1324 619 1467 704 oblonga
1584 663 1586 674 ι

184 704 305 786 lacere,
322 705 480 788 paniculae
498 711 617 773 erectae
632 713 806 791 compactae
831 708 979 774 eborata
1005 707 1107 773 ramis
1132 706 1369 792 pedicellisque
1389 708 1468 777 hre-
1576 704 1582 775 l

185 794 332 861 vissimis
355 795 481 861 strictis
502 793 770 878 pubescentibus,
794 795 931 879 spiculis
959 795 1215 879 pubescentibus
1233 796 1286 864 rel
1302 797 1467 880 glabralis
1577 788 1586 845 ³·

186 884 336 966 angustis
361 883 584 951 teretiusculis
604 883 660 950 vix
686 885 883 968 compressis
912 885 1085 957 l·8-lloris,
1102 883 1250 952 flosculis
1277 887 1464 970 superiori·
1577 873 1586 948 .ἷ

182 968 246 1038 bns
272 973 425 1056 pluribus
440 971 622 1056 sterilibus,
637 974 758 1056 glumis
774 973 963 1043 lanceolatis
981 972 1177 1042 acuminatis
1194 975 1370 1059 superiore
1392 977 1466 1043 lou·
1578 976 1583 991 “

180 1061 272 1144 piore
295 1067 328 1128 et
352 1061 452 1145 duplo
470 1061 595 1142 latiora,
610 1062 765 1144 plumella
788 1069 927 1147 anguste
948 1063 1127 1130 lanceolata
1147 1064 1338 1130 5·'l-nerrid
1359 1082 1462 1132 mem·
1580 1068 1586 1144 l

183 1149 544 1233 branaceo-margiuatd
562 1150 625 1218 sub
644 1151 735 1235 apice
762 1153 1011 1219 membranaceo
1035 1156 1129 1219 acute
1144 1150 1245 1218 bifido
1268 1153 1302 1218 iu
1321 1153 1462 1221 aristam
1584 1145 1586 1204 ἴ

180 1243 304 1306 rectam
321 1240 372 1304 vel
387 1247 574 1306 extrorsum
600 1245 768 1306 curvatam
786 1243 824 1308 ed
853 1241 1096 1324 sublonniorem
1120 1238 1263 1308 abeunte
1283 1245 1333 1320 Θ.
1354 1240 1464 1312 Sibth.
1584 1255 1585 1258 ’

180 1333 213 1393 el
229 1325 481 1482 Sm.Al'l.hGraec.
498 1327 526 1410 l,
545 1329 610 1397 tab.
627 1331 681 1396 85.
698 1363 742 1380 -
754 1329 794 1397 B.
808 1347 1061 1413 purpurascere
1073 1329 1182 1396 Delila
1198 1329 1323 1412 Illustr,
1336 1331 1381 1396 Ν0
1392 1335 1457 1400 lli

180 1431 221 1483 ex
238 1435 277 1482 c.
323 1435 357 1482 sc
382 1468 390 1483 .

213 1529 291 1585 Hah.
310 1529 341 1586 iu
358 1529 447 1586 cultis
458 1531 593 1586 arenosis
614 1530 745 1603 regionis
758 1531 925 1596 maritimam.
944 1529 1061 1589 Graecia
1082 1530 1113 1585 iu
1134 1529 1234 1586 Attica
1258 1533 1288 1586 et
1313 1494 1462 1604 Argolide

177 1597 305 1672 (Sprunl
333 1601 466 1685 Heldrll²
493 1600 591 1686 Creta·
604 1600 753 1686 (Homul),
777 1599 917 1686 Byzantii
940 1602 1059 1672 (Nobi),
1078 1602 1177 1684 Cypro
1198 1601 1318 1672 (Sinti).
1346 1602 1461 1662 Arabia

176 1675 280 1798 petrea
302 1673 332 1726 et
354 1672 507 1730 Palestrne
523 1672 661 1742 (Belesi),
683 1672 796 1730 dahous
825 1673 1039 1730 Phrbsteorum
1062 1673 1201 1742 (Borssl),
1228 1673 1252 1729 Ε
1317 1678 1346 1730 to
1378 1675 1463 1731 circa

205 1741 393 1799 texandriam
406 1743 496 1813 (libri
517 1743 656 1802 Letourn.
675 1742 729 1799 2¹8
742 1745 773 1799 et
785 1743 842 1800 heb
857 1743 904 1800 bis
914 1747 947 1816 l),
963 1743 1047 1800 Meso
1087 1743 1178 1800 tamid
1205 1743 1244 1799 ad
1298 1744 1458 1818 uphratem

176 1811 313 1940 filaussh
323 1815 355 1888 l),
367 1815 479 1871 Tauria
490 1814 609 1883 (Parrot
626 1829 666 1872 ex
678 1812 1032 1888 Ladan),1n0rtapr0pa
1077 1815 1138 1870 alru
1159 1818 1189 1870 et
1212 1813 1329 1872 Salliau
1354 1816 1401 1887 (G.
1417 1821 1454 1874 Α.

210 1900 226 1942 e
256 1889 262 1941 l
280 1926 287 1940 .

177 1887 369 2111 ήέέἰῦθοςτ.
385 1981 542 2054 Hispania,
552 1981 651 2039 Gallia
663 1981 811 2056 australis,
824 1981 921 2050 ltalia,
941 1981 1042 2039 Africa
1061 1981 1201 2050 borealis,
1224 1981 1333 2038 insulsa
1356 1984 1458 2040 Caua-

280 2070 303 2110 s.

215 2206 269 2272 et.
293 2206 337 2274 B.
364 2207 657 2276 laseleuiatus
690 2205 801 2291 (Presl
827 2203 906 2290 Cyp.
939 2203 1002 2272 Sic.
1029 2225 1056 2271 r.
1080 2205 1132 2288 39)
1153 2225 1296 2285 annuus,
1326 2207 1448 2274 culmis

174 2299 295 2362 erectis
312 2297 491 2364 humilibus
505 2295 638 2379 glabris.
662 2296 749 2363 loliis
765 2295 923 2362 brevibus
941 2301 1080 2378 anguste
1098 2295 1279 2362 linearibus
1300 2296 1452 2364 breuiter

172 2385 356 2467 puberulis,
371 2387 497 2468 vaginis
515 2384 781 2468 pubescentibus,
802 2385 899 2466 ligula
927 2383 1019 2450 bravi
1049 2388 1198 2450 truncati
1221 2385 1339 2462 laceri,
1359 2385 1449 2470 pani·

171 2473 254 2542 cules
275 2480 393 2542 erectae
410 2476 563 2540 conlerlae
580 2473 945 2541 oberatocuneilormis
962 2473 1061 2540 ramis
1081 2473 1289 2540 brevissimis
1306 2474 1446 2556 strictis,

171 2561 308 2646 spiculis
331 2563 453 2646 glabris
489 2563 599 2630 rarius
624 2562 795 2648 puberulis
821 2562 1019 2646 compressis
1048 2562 1226 2630 laxinscule
1255 2562 1450 2631 8-l0·lloris

169 2648 318 2718 flosculis
349 2653 589 2736 l·i·supremis
613 2651 795 2733 sterilibus,
823 2652 944 2734 plumis
961 2658 1102 2734 anguste
1130 2651 1317 2718 lanceolatls
1336 2652 1446 2718 acutis

168 2737 326 2808 inferiore
351 2740 503 2809 breviore
525 2749 558 2808 et
582 2741 772 2822 augustiore
799 2741 892 2822 longe
917 2740 1279 2823 acuminatuplumellu
1298 2739 1449 2808 tenuiter

168 2827 455 2897 lineari-subulam
473 2830 572 2897 dorso
595 2833 741 2896 convexi
762 2830 906 2896 carinatb
933 2829 1043 2895 neruis
1074 2829 1266 2897 lateralibus
1287 2829 1449 2897 obsoletis

168 2917 232 2985 sub
252 2919 342 3002 apice
355 2920 449 3000 longe
467 2919 736 2986 subulato-bilido
754 2919 787 2986 iu
807 2919 943 2986 aristam
960 2919 1090 2986 demum
1113 2918 1295 2985 subtorlem
1319 2924 1353 2984 et
1366 2918 1450 2986 sub·

166 3011 333 3092 patentem
358 3009 572 3093 aequilougam
595 3008 736 3075 abeunte
761 3013 810 3086 Θ.
831 3007 930 3076 Guss.
953 3007 1001 3073 Pl.
1029 3025 1093 3074 rar.
1112 3007 1178 3088 tab,
1209 3011 1241 3086 8,
1269 3006 1324 3088 fig.
1352 3009 1382 3072 t.
1403 3043 1443 3057 -

170 3097 206 3168 Β.
224 3095 348 3163 clibano
365 3097 469 3164 Delile
485 3097 540 3180 lig.
556 3116 596 3164 ex
615 3097 654 3164 cl.
671 3097 771 3164 Asch.
787 3134 829 3145 -
846 3095 885 3162 B.
902 3095 1025 3162 rubeus
1049 3115 1118 3162 var.
1135 3096 1169 3180 β.
1188 3096 1328 3163 Marcili.

200 3207 277 3264 Hah.
291 3209 323 3264 in
339 3207 433 3264 aridis
443 3211 472 3264 ot
485 3207 595 3280 pinetis
608 3209 713 3264 Atticas
723 3206 761 3264 ad
775 3207 887 3264 radices
898 3207 1041 3280 Hymetti,
1056 3207 1094 3262 ad
1107 3206 1248 3279 Rephiua
1258 3210 1288 3264 et
1299 3208 1330 3262 in
1341 3207 1444 3266 iusuld

165 3275 240 3335 Lero
253 3277 362 3347 (Heldr
373 3281 404 3348 l),
420 3279 518 3352 Cypro
531 3278 630 3350 (hyl),
644 3279 673 3333 in
693 3279 783 3334 uultis
800 3277 949 3335 derelictis
966 3279 987 3336 S
1025 3279 1060 3334 'ae
1080 3277 1218 3334 littoralis
1243 3279 1282 3335 ad
1303 3277 1442 3351 Tripolin

164 3350 238 3477 ghi)
253 3353 281 3406 et
295 3351 373 3406 circa
388 3349 566 3406 Damascum
582 3348 715 3422 (Gellii),
731 3349 770 3406 ad
786 3350 899 3406 radices
913 3351 983 3406 Anti
998 3349 1078 3405 'baali
1093 3349 1228 3419 (Boissl),
1239 3349 1390 3406 Palestlnd
1403 3349 1444 3406 ad

196 3422 407 3492 ierosolymam
441 3421 573 3493 (Boissl)
597 3425 627 3477 at
658 3422 698 3478 ad
722 3435 803 3478 mara
825 3421 978 3478 Mortuum
1002 3417 1062 3491 (W.
1085 3421 1242 3492 Barboyl),
1266 3420 1384 3493 Egypto
1404 3421 1445 3478 ad

163 3493 377 3550 Alexandriam
391 3491 659 3564 (Siclreubergsrl).

198 3589 305 3646 Affinis
323 3587 359 3645 B.
372 3589 491 3646 rubenti
501 3605 520 3644 a
534 3605 594 3662 quo
613 3589 720 3647 culmis
734 3588 908 3661 humilibus,
930 3589 1056 3662 spiculis
1079 3588 1243 3662 plurilloris
1263 3589 1445 3662 compressis

162 3659 344 3718 dissititloris
359 3675 411 3716 nec
424 3660 622 3716 teretiusculis
637 3660 812 3730 deusliloris,
826 3659 969 3734 plumella
987 3661 1160 3732 augustiora
1179 3659 1329 3733 subulata,
1349 3662 1446 3718 arista

162 3729 284 3790 demum
300 3731 413 3804 patenti
429 3735 563 3788 contorta
577 3733 684 3788 differt.

179 3809 182 3818 '
197 3828 245 3884 ar.
258 3827 361 3898 saon.
375 3825 646 3900 Sicilia,Sardiuia,
660 3826 749 3886 uuna
762 3827 910 3898 austerus,
925 3825 1175 3884 aeneatorum

557 4045 649 4114 smr.
671 4045 729 4114 ΙΙΙ.
748 4044 1051 4114 SERRAFALCUS

206 4219 259 4284 ab.
279 4217 324 4284 B.
341 4219 578 4305 scoparlus
596 4217 646 4297 (L.
665 4219 720 4302 Sp,
743 4216 822 4303 lle)
852 4235 995 4296 annuus,
1014 4217 1131 4284 culmis
1150 4217 1331 4284 humilibus
1346 4217 1441 4300 geui-

161 4309 280 4374 culatis
309 4309 430 4374 erectis
455 4308 588 4391 glabris,
615 4307 700 4374 loliis
726 4307 907 4374 linearibus
935 4308 1131 4392 saginisque
1149 4308 1291 4391 sparsim
1312 4307 1441 4389 pilosis,

160 4393 260 4478 ligole
277 4396 370 4464 brevi
399 4397 515 4481 laceri,
535 4398 685 4482 paniculis
715 4398 825 4465 erecti
841 4397 1079 4464 confertissimi
1094 4397 1190 4462 orata
1217 4397 1269 4462 vel
1294 4395 1436 4478 oblongi

160 4483 279 4552 obtusi
306 4486 407 4552 ramis
445 4487 663 4560 brevissimis.
692 4487 828 4570 spiculis
856 4484 1112 4569 pubescentibus
1141 4484 1251 4551 rarius
1276 4485 1437 4566 glabratis

160 4575 310 4658 oblongis
328 4575 565 4643 subsessilibus
581 4575 758 4654 uehens,
771 4576 890 4658 glanis
905 4575 1094 4642 lanceolatis
1112 4573 1325 4641 acutiusculis
1344 4573 1439 4640 albo·
