3262 5114
139 327 262 387 Caram.
700 333 889 378 areaaaoaa:
1378 310 1432 370 lot

182 445 260 502 Hah.
276 445 305 500 in
320 457 352 499 re
375 441 442 498 'one
455 439 604 507 interiore,
616 439 769 498 Palestina
782 440 820 498 ad
830 438 985 496 meridiem
998 437 1079 495 Gaza
1091 434 1202 507 (Barba
1231 437 1263 505 t),
1272 434 1347 490 cirea
1357 433 1433 490 Hie·

143 517 337 587 rosolymam
368 513 446 570 aoth
458 511 554 583 2101),
569 513 752 570 Damascum
765 511 859 580 (Gaill
868 513 900 582 t),
913 510 1028 583 Aieppo
1044 508 1151 580 (Aucb.
1249 509 1255 561 1
1269 505 1394 562 Haussk
1403 509 1433 578 l),

144 591 230 646 tuter
245 588 360 659 aleppo
373 590 405 641 at
417 583 533 640 Mossul
552 582 645 653 (Oliv.
659 599 698 640 ax
709 584 735 641 J.
750 583 818 655 Gay
826 585 856 652 l).

188 695 256 753 Var.
269 693 288 768 β
302 693 339 749 ad
353 693 464 749 formas
477 691 607 776 pumilae
623 689 653 748 (5.
673 691 775 776 diersa
788 691 929 776 accedens
949 688 988 745 ab
1006 689 1049 744 eis
1066 691 1167 744 tamma
1190 689 1272 817 egica
1294 689 1434 772 congesta

145 783 206 826 uec
219 765 388 837 eublobata,
400 764 521 819 bractea
535 765 722 836 spicularum
737 762 988 819 1nlerrorumnon
1007 758 1096 833 longe
1114 775 1201 832 ouspr
1222 763 1283 828 ata,
1297 757 1434 816 utnomrs

144 840 254 898 minus
268 837 327 894 late
340 835 438 892 oratis
456 833 562 890 differt.

185 954 234 1009 Ar.
249 951 351 1020 tieupr.
363 947 525 1004 Germania
537 945 699 1019 etiamalio,
712 947 793 1018 regio
808 945 995 1015 Danubialis
1008 944 1117 1001 Rossia
1128 943 1230 1001 media
1240 945 1270 1001 et
1280 944 1432 1014 australis,

145 1023 274 1095 sibime,
288 1021 415 1092 Tibetia,
426 1019 563 1075 America
577 1019 687 1075 arctico
700 1021 730 1076 et
739 1017 877 1074 borealis.

201 1201 253 1266 18.
273 1198 317 1268 G.
339 1194 489 1264 divisa
510 1195 631 1280 (Huds.
649 1193 685 1260 Fi
712 1193 807 1276 angl.
826 1194 849 1273 l,
869 1215 901 1278 p.
923 1193 1003 1280 818)
1019 1193 1198 1262 rbizomate
1212 1195 1434 1280 laterepente,

146 1289 240 1357 roms
271 1286 379 1353 lirmis
409 1285 515 1368 planis
550 1284 676 1352 strictis
703 1285 1082 1355 attenuato-acuminatis
1110 1283 1254 1352 culmum
1287 1291 1435 1353 ereetum

148 1379 355 1463 triquetrum
380 1391 468 1457 sape
484 1372 704 1459 aequantibus,
724 1372 813 1457 spica
828 1374 1008 1458 composita
1024 1375 1118 1439 ovata
1143 1374 1195 1441 vel
1213 1373 1353 1457 oblonga
1369 1377 1437 1458 spi-

148 1468 239 1535 culis
258 1464 458 1547 androgynis
478 1480 624 1547 superne
640 1463 793 1532 masculis
812 1463 1049 1547 approximatis
1061 1461 1113 1528 vel
1129 1463 1340 1532 interioribus
1358 1464 1438 1532 sob-

153 1556 285 1624 dissitis
298 1553 367 1620 basi
387 1553 562 1618 bractealis
581 1557 763 1632 constante,
776 1550 907 1618 bractea
919 1553 1121 1636 spicularum
1138 1552 1331 1620 interiorum
1343 1553 1438 1635 longe

153 1645 293 1712 arietata
322 1643 442 1726 spicam
461 1641 628 1709 interdum
646 1645 810 1725 mouente,
828 1642 950 1725 glumis
977 1641 1138 1709 brunnels
1157 1641 1312 1709 carinatis
1332 1643 1438 1710 acutis

152 1735 211 1803 aet
229 1731 443 1812 mucronatis,
464 1729 670 1814 stigmatibus
680 1731 777 1808 binis,
796 1731 948 1798 utriculis
966 1731 1036 1798 basi
1053 1731 1231 1798 attenuatis
1249 1730 1313 1798 late
1333 1733 1439 1799 oratis

158 1821 428 1908 plano-convexis
445 1819 591 1887 obsoleta
613 1820 764 1887 nervosis
785 1819 898 1886 nitidis
925 1839 1070 1904 superne
1089 1820 1237 1901 margine
1261 1820 1385 1888 scabris
1404 1822 1437 1886 in

155 1918 309 1980 rostrum
335 1909 569 1976 brevissimum
596 1907 801 1978 bidentatum
820 1909 997 1976 attenuatis
1025 1911 1073 1982 tlt.
1092 1908 1134 1975 Ic.
1152 1909 1304 1978 Schkubr
1322 1910 1360 1990 V,
1384 1910 1438 1994 lig.

157 2003 214 2068 81.
236 2035 279 2050 -
296 1998 396 2066 Rcbb.
415 1997 527 2064 Germ.
548 2003 571 2064 1.
592 2000 667 2065 aut.
687 2033 729 2049 -
753 1997 787 2066 C.
811 1996 1012 2064 aoboenotalea
1035 1998 1118 2066 Host
1135 1997 1247 2067 Gram.
1265 2000 1328 2065 tab.
1348 2003 1379 2066 1.
1399 2036 1439 2048 -

152 2089 193 2158 d.
213 2088 396 2156 Austriuca
413 2087 509 2155 Scbb.
524 2123 562 2136 -
581 2087 613 2154 C.
630 2086 773 2153 inaurea
791 2085 859 2154 Sm.
876 2087 994 2154 Prudr.
1012 2106 1077 2154 non
1094 2087 1207 2157 Willd.
1224 2123 1262 2138 -
1283 2089 1317 2156 C.
1331 2089 1443 2172 caept-

162 2181 244 2246 uota
263 2178 387 2245 Bertol.

197 2304 280 2374 Hah,
290 2304 321 2360 in
335 2303 428 2376 pratis
442 2305 471 2359 at
482 2301 557 2359 locis
573 2301 706 2359 humidis
716 2303 875 2360 maritimis
886 2307 916 2360 et
928 2303 1131 2376 interioribus,
1142 2319 1161 2360 a
1171 2305 1292 2376 regione
1309 2305 1444 2362 inferiori

161 2377 202 2433 ad
217 2379 392 2431 montanam
406 2377 437 2430 in
452 2377 513 2430 tola
527 2374 641 2431 ditione
654 2389 673 2430 a
691 2375 823 2432 Graecia!
837 2375 966 2431 Thracia
978 2379 984 2430 l
999 2376 1037 2431 ad
1053 2375 1205 2447 Egyptum
1215 2381 1244 2432 et
1258 2377 1321 2450 ejus
1334 2377 1443 2434 Oasest

156 2448 295 2520 Syriam,
322 2445 463 2502 Arabiam
486 2445 624 2502 Petraam
646 2447 772 2520 (Posti),
796 2447 1064 2520 Mesopotamiam!
1085 2446 1221 2520 regiones
1248 2449 1443 2505 Caucasieast

157 2519 298 2576 ,Porsiam
316 2517 466 2574 borealem
479 2520 508 2573 et
522 2516 684 2574 australem
698 2521 705 2572 l
717 2518 912 2590 Atighaniam
926 2517 1053 2589 (Gritfl).

200 2627 250 2683 Ar.
260 2627 362 2696 (teopr.
376 2625 497 2698 Europa
510 2624 610 2682 media
624 2627 653 2680 et
664 2625 804 2682 australis
817 2641 834 2681 a
847 2625 1003 2682 Britannia
1015 2629 1045 2682 at
1056 2624 1155 2682 Gallia
1166 2625 1206 2682 ad
1222 2625 1362 2683 Rossiam
1384 2643 1446 2683 me·

156 2697 392 2827 ffi’riasgaigia
417 2696 578 2768 malensis,
604 2695 686 2767 regio
709 2695 885 2768 Himalaica,
905 2697 1006 2753 Africa
1025 2697 1163 2769 borealis,
1189 2696 1446 2769 Medera,insu1ae

215 2949 265 3014 18.
284 2949 328 3016 G.
346 2946 557 3014 arenaria
577 2945 629 3031 (b.
654 2946 709 3030 Sp.
731 2946 829 3033 1881)
846 2945 1026 3013 rbiaomate
1048 2946 1237 3029 longissime
1255 2955 1392 3032 repente
1407 2951 1447 3016 ad

162 3036 274 3105 nodos
299 3036 509 3103 stolonileros
541 3036 658 3119 vagina
686 3037 792 3102 lacera
820 3039 928 3116 aucto,
950 3035 1037 3102 loliis
1060 3036 1239 3103 linearibus
1264 3038 1371 3122 planis
1397 3043 1450 3108 val

161 3125 393 3194 canaliculetis
410 3124 605 3192 acuminatis
622 3125 762 3210 asperia,
785 3126 904 3191 culmis
924 3125 1097 3208 triquetris
1115 3127 1243 3208 asperis
1257 3128 1308 3194 rel
1322 3127 1451 3196 inlerne

162 3214 385 3294 laeviueculis,
409 3215 499 3298 spica
529 3214 751 3298 decomposita
778 3213 917 3298 oblongi
936 3215 987 3281 vel
1008 3217 1102 3282 ovata
1128 3213 1230 3281 densa
1254 3215 1306 3282 vel
1323 3216 1452 3284 interne

163 3305 360 3388 interrupta
387 3303 524 3386 spiculis
550 3303 716 3388 supremis
740 3304 907 3373 masculis.
930 3303 1143 3372 inferioribus
1165 3303 1327 3387 femineis,
1351 3305 1454 3374 inter-

170 3393 268 3460 maiis
296 3391 498 3474 androgynis
526 3393 617 3476 apice
646 3393 801 3459 masculis
829 3392 1004 3460 bractealis
1023 3393 1155 3460 bractea
1178 3394 1243 3461 latu
1262 3396 1296 3462 in
1318 3395 1453 3464 aristam

172 3482 361 3551 subulatam
401 3481 559 3565 apiculam
595 3498 683 3565 saepe
723 3487 936 3566 superantem
970 3485 1149 3560 attenuata,
1185 3483 1305 3566 glumis
1344 3485 1454 3552 fructu

164 3569 369 3655 aquilongis
397 3570 449 3636 vel
478 3571 679 3653 longioribus
716 3569 903 3638 lanceolatis
937 3570 1131 3638 acuminatis
1169 3571 1455 3658 brunum-mergi-

176 3661 274 3738 natis,
291 3659 499 3740 stigmatibus
524 3660 619 3730 binis.
641 3659 792 3727 utriculis
811 3659 917 3727 oratis
946 3659 1218 3744 plano-convexis
1249 3662 1356 3729 valide
1380 3682 1457 3729 ner-

170 3750 264 3818 ·vatis
281 3767 299 3814 a
316 3747 486 3814 medioata
503 3748 634 3816 dilatata
650 3748 949 3815 serrulam-scabra
965 3749 997 3815 in
1009 3754 1155 3816 rostrum
1167 3749 1304 3817 bifidum
1315 3753 1457 3820 abeunte

175 3837 295 3904 cinctis
316 3839 363 3909 91.
381 3835 484 3903 Rchb.
502 3835 612 3904 Germ.
631 3838 696 3903 tab.
717 3838 792 3904 108.
812 3874 850 3885 -
864 3836 897 3903 0.
918 3836 1116 3904 intermedio
1129 3837 1210 3904 Ura.
1223 3839 1381 3924 Enump.
1396 3841 1457 3907 111

176 3945 245 3996 nou
262 3925 367 3993 Good.
385 3961 424 3973 —
444 3926 477 3992 G.
501 3926 651 3993 Galatica
666 3927 695 3994 J.
715 3925 785 4011 Gay
806 3925 889 3993 Ann.
911 3925 963 3993 Sc.
982 3926 1055 3993 Nat.
1073 3926 1193 4014 (1888)
1210 3927 1252 4005 Χ,
1269 3947 1300 4012 p.
1323 3930 1397 3996 808.

214 4051 294 4109 Hab.
307 4052 338 4106 in
352 4051 487 4107 herbidis
500 4029 701 4123 Peloponnesi
716 4053 766 4122 (aa
780 4051 840 4107 Sm.
864 4053 981 4123 Prodr.)
1010 4052 1131 4109 Tauriae
1154 4053 1193 4109 ad
1213 4053 1323 4111 Kartub
1346 4059 1375 4112 et
1400 4072 1462 4115 are·

179 4124 265 4180 nosis
279 4123 437 4178 maritimis
453 4122 572 4178 Tauriae
584 4123 623 4179 ad
636 4121 789 4179 Souboum
808 4123 885 4179 Kalc
899 4097 1006 4194 (Urvfi.
1022 4123 1091 4181 Non
1108 4123 1180 4180 vidi.

218 4233 329 4290 Forma
344 4232 505 4290 Orientalis
520 4249 536 4290 e
551 4232 701 4290 littoribus
713 4233 823 4290 Euxini
838 4250 856 4290 a
869 4237 942 4307 typo
962 4236 1067 4291 culmis
1085 4237 1186 4294 minus
1204 4236 1321 4294 scabris
1340 4241 1369 4295 at
1391 4241 1465 4296 utri-

179 4305 261 4364 culis
276 4307 372 4361 untice
387 4305 537 4378 copiosius
551 4305 684 4362 nervatis
697 4306 814 4362 tantum
830 4305 932 4362 differe
948 4305 1075 4363 videtur.

220 4415 268 4470 tr.
283 4413 385 4485 Geopr.
409 4413 524 4470 Littera
544 4415 710 4486 prasertim
733 4415 884 4470 maritima
902 4415 993 4471 totius
1015 4415 1152 4489 Europa,
1172 4417 1256 4489 regio
1281 4417 1469 4492 Danubialis,

174 4483 302 4544 Sibiria
315 4489 366 4557 (ex
379 4485 503 4556 Ladeb.)

1326 4587 1363 4644 26
