3262 5114
171 347 300 422 mapsa.
723 361 894 404 aarum
1395 347 1460 405 475-

205 471 283 529 Hab.
297 471 336 528 ad
347 471 452 536 fossas,
465 485 551 542 sepes
570 473 599 526 et
614 471 695 528 culta
707 471 841 542 humida,
853 470 953 528 insula
972 472 1094 528 Patmos
1109 472 1297 546 Archipelagi
1313 471 1449 544 (stota),

167 541 1445 616 ciroaSmyrnamfflolsslBall)‚PamphyliaatCiliciaTrachaealittoralesffleldrl),

169 615 258 686 Syria
272 613 411 670 littoralis
427 612 520 682 (Labi
536 613 630 670 Gaill!
645 613 719 684 Blt),
734 615 887 672 Palestina
903 614 940 670 ad
953 615 1093 672 Marsaba
1104 614 1295 686 (Schlumbl)‚
1310 615 1447 687 Mesopo·

167 684 402 755 remismundo
416 689 446 740 et
456 683 495 740 ad
506 684 635 740 lluvlnrn
649 685 773 742 Chabur
784 685 923 756 (Haussk
935 687 966 757 t).
981 686 1024 742 al.
1037 701 1117 742 vere.

496 928 654 1004 cthSls
681 929 753 1026 (lit.
780 929 848 1007 lien
872 929 928 1004 lla.
956 928 981 1004 l.
1001 930 1040 1015 l,
1062 929 1134 1024 ⁴8).

213 1139 354 1224 Spiculae
385 1139 535 1207 unilioroe
561 1141 595 1206 in
619 1141 672 1205 axi
697 1141 876 1209 disciformi
904 1141 1102 1208 subsessiles
1129 1141 1288 1224 capitale.
1319 1139 1447 1209 Glnmae

163 1229 251 1296 bime
276 1229 532 1296 membranacea
557 1230 710 1296 carinatae
737 1231 847 1296 carina
875 1231 999 1297 scabrae
1024 1230 1232 1314 subaquales
1256 1231 1339 1299 llore
1366 1233 1446 1300 suh-

168 1317 348 1386 breviorea.
368 1318 538 1386 Flosculus
555 1319 641 1384 intra
657 1320 785 1401 glumas
802 1318 996 1386 brevissime
1017 1319 1196 1403 stipitatus.
1219 1319 1382 1387 Glumella
1412 1327 1447 1388 et

167 1409 261 1490 palea
280 1407 400 1490 glumis
419 1408 544 1474 similes
567 1408 615 1474 eis
640 1407 880 1490 sublongiores‚
900 1408 1036 1473 interior
1050 1408 1221 1474 uniuersis
1241 1427 1445 1492 compresso·

167 1496 324 1574 carinula,
343 1497 497 1580 superior
513 1497 656 1565 carinata
675 1496 820 1564 obsoleta
839 1497 1024 1562 uniuersis.
1037 1496 1226 1581 Squamulae
1246 1499 1353 1565 nullae.
1374 1497 1447 1564 Sla-

167 1585 255 1650 mina
276 1584 361 1650 bina.
378 1585 462 1670 Styli
480 1585 548 1652 bini
564 1586 756 1652 terminales
778 1587 931 1668 elongati.
956 1585 1111 1668 Stigmata
1129 1587 1278 1670 plumosa
1294 1605 1335 1652 ex
1353 1588 1445 1672 apice

166 1673 261 1740 floris
283 1675 492 1758 emergentia.
517 1672 694 1758 Caryopsis
716 1675 854 1756 oblonga
881 1676 1008 1741 macula
1036 1676 1134 1742 hilari
1163 1677 1384 1758 punctilormi.
1401 1714 1445 1726 —

165 1761 284 1828 Herba
300 1783 418 1830 annuae
436 1764 606 1846 cespitasse
623 1763 758 1847 spiculis
788 1763 891 1831 dense
920 1765 1069 1846 capitatis
1092 1770 1125 1830 et
1155 1765 1281 1846 vaginis
1301 1767 1445 1832 summis

167 1851 309 1918 dilatatis
326 1852 541 1919 involunratis
567 1859 602 1920 ut
620 1853 655 1918 in
676 1851 825 1937 Orgseis,
846 1851 1069 1934 Cornucopia.
1097 1858 1171 1934 ato,
1191 1871 1266 1920 cum
1283 1853 1446 1940 pedioello

165 1941 252 2008 intra
267 1943 396 2024 glumas
411 1941 606 2008 articulatis.

214 2127 241 2190 l.
257 2123 299 2194 G.
317 2124 521 2192 aculeata
538 2123 589 2210 (L.
608 2123 663 2208 Sp.
684 2127 726 2192 63
741 2127 805 2194 sub
825 2124 986 2208 Saturno),
1004 2143 1113 2192 annua
1129 2125 1305 2208 cespitosa,
1324 2125 1456 2191 culmis-

165 2213 307 2280 ramosis
330 2214 528 2297 compressis
562 2215 596 2279 in
628 2215 740 2281 orbem
777 2215 943 2298 expansis,
982 2214 1109 2298 vaginis
1148 2214 1292 2281 dilatatis
1319 2214 1446 2296 apertis

165 2303 351 2369 internodio
376 2303 598 2386 brevioribus
615 2304 701 2370 loliis
722 2305 847 2387 glaucis
873 2305 1060 2387 patentibus
1083 2303 1445 2383 subdiale-attenuatis,

166 2392 286 2458 florum
298 2391 449 2473 capitulis
467 2391 726 2476 hemisphaericis
740 2399 929 2461 transverse
942 2392 1114 2458 latioribus
1132 2393 1302 2459 involucro
1311 2391 1444 2456 loliaceo

166 2480 353 2565 id-phyllo
378 2481 491 2547 cinctis
524 2483 648 2563 vaginis
671 2481 812 2550 dilatatis
828 2488 877 2560 Θ.
905 2481 935 2546 d.
959 2479 1108 2547 occltaata
1130 2481 1198 2546 Ait.
1233 2482 1291 2547 loe.
1318 2481 1375 2547 eit.
1403 2517 1443 2527 —

166 2568 270 2636 Rchb.
290 2567 401 2636 Germ.
420 2569 472 2650 fig.
491 2571 567 2641 468.
589 2607 631 2618 —
650 2569 788 2636 Plateam
812 2570 1013 2636 codonatum
1040 2571 1131 2654 Jauq.
1154 2569 1268 2637 Austr.
1291 2570 1377 2653 App.
1400 2603 1440 2618 -

165 2657 365 2738 Antitrogua
382 2659 550 2724 acuuntur
569 2657 695 2726 Gaertn.
717 2659 825 2727 Fruot.
845 2659 909 2725 tab.
929 2661 980 2737 80,
999 2659 1049 2741 lig.
1070 2660 1100 2724 7.

201 2783 281 2840 Hab.
294 2784 327 2838 in
342 2785 473 2840 arenosis
488 2787 598 2856 saepius
611 2785 801 2842 subhumidis
816 2787 845 2840 et
860 2783 949 2840 salsis
962 2783 1023 2840 iero
1040 2785 1131 2840 totius
1145 2783 1266 2840 ditionis
1282 2800 1300 2840 a
1313 2782 1445 2839 Graecidl

165 2855 356 2912 Macedonidl
371 2859 400 2911 et
414 2856 554 2912 Thracial
569 2857 608 2912 ad
620 2858 772 2930 Egypturu
788 2857 959 2912 inferiorem
972 2860 1001 2910 at
1016 2857 1198 2928 superiorem
1213 2854 1310 2924 (Siebl
1324 2853 1443 2922 Boissl)

164 2925 366 3069 ffiglgggffitn
388 2926 504 2998 (Noai),
529 2928 673 2984 'Pausiam
698 2931 727 2986 et
753 2943 836 3001 prov.
865 2927 1042 2984 Caucaaicas
1070 2927 1123 2996 (Μ.
1134 2927 1167 2982 Β.
1182 2925 1287 2997 Hohl),
1311 2925 1444 2982 Persium

200 3095 248 3150 Ar.
261 3095 362 3165 deogr.
381 3093 502 3167 Europa
515 3095 671 3151 eastralior
686 3111 703 3152 a
717 3095 817 3152 Gallia
826 3093 1003 3150 occidentali
1017 3097 1046 3150 et
1058 3093 1182 3149 australi
1196 3093 1235 3148 ad
1244 3092 1441 3165 Hungariam‚

163 3164 502 3293 t{lanosipliealrlntalaiassastrelam‚
529 3167 679 3240 Sibiriam
705 3167 806 3224 Africa
836 3165 977 3232 borealis,
1011 3164 1178 3236 senegalia,
1205 3165 1291 3221 India
1318 3163 1444 3220 boreali-

254 3473 507 3551 allidentur
525 3475 613 3572 (nost
632 3475 737 3551 Graiu.
759 3477 865 3552 lustr.
893 3475 918 3562 l,
939 3473 993 3550 23.
1016 3517 1063 3527 -
1084 3473 1276 3571 Crgpsidic
1297 3495 1352 3569 sp.

681 3575 922 3668 ductorum).

209 3794 351 3879 Spioniae
376 3795 525 3862 unillorae
550 3813 646 3862 sectas
676 3795 752 3861 axin
774 3795 987 3879 cylindricam
1017 3793 1213 3862 brevissime
1242 3792 1456 3876 pedlcellalae

164 3885 306 3969 spicata.
325 3884 453 3950 Glumae
469 3883 552 3950 hinec
575 3885 830 3950 membranaceae
847 3886 957 3951 earini
974 3885 1141 3950 herbacea
1160 3889 1192 3947 et
1216 3883 1339 3950 scabrae
1364 3883 1443 3948 sub-

162 3975 306 4058 aequales
321 3973 403 4041 llore
420 3973 665 4052 sublimiores,
686 3974 844 4040 flosculus
863 3973 949 4039 intra
969 3975 1096 4055 glumas
1115 3973 1253 4038 sessilis.
1275 3971 1439 4039 Glnmella

163 4068 197 4129 et
224 4063 316 4147 palea
339 4063 461 4145 glomis
480 4063 604 4128 similes
626 4063 673 4128 eis
693 4062 921 4144 subloogiores
940 4063 1075 4127 inferior
1096 4061 1267 4128 uniuervis
1288 4062 1442 4139 carinula,

163 4151 319 4236 superior
334 4151 491 4218 binervis.
505 4151 692 4236 Squamulae
710 4153 816 4218 nullae.
833 4151 978 4218 Stamina
995 4151 1067 4217 tria.
1091 4149 1172 4234 Styli
1198 4150 1266 4215 bini
1286 4150 1443 4216 termina-

162 4243 212 4307 les
229 4241 380 4323 elongati‚
398 4241 548 4323 stigmata
567 4240 714 4323 plumosa
739 4259 779 4307 ex
802 4242 892 4323 apice
918 4240 1009 4306 lloris
1026 4239 1240 4321 emergentia·
1262 4237 1439 4322 Caryopsis

162 4337 257 4397 ovata
277 4331 402 4396 macula
424 4329 519 4394 hilari
543 4331 762 4413 punctilormi.
786 4365 825 4376 -
850 4329 967 4395 Herbae
990 4346 1108 4395 annuae
1138 4329 1248 4394 rarius
1278 4344 1442 4410 perennes

162 4420 335 4503 scapilosae
353 4418 490 4502 spiculis
503 4419 537 4483 in
554 4419 660 4501 spicas
680 4419 801 4485 densas
830 4419 1011 4502 dispositis.
1030 4455 1072 4466 —
1095 4416 1208 4483 Genus
1224 4413 1302 4482 laria
1317 4421 1349 4481 et
1369 4415 1445 4480 cha·

161 4507 345 4577 racteribos
359 4508 468 4574 allinis
485 4506 642 4591 Crppaidt
663 4507 714 4575 cui
734 4508 833 4592 hujus
854 4507 981 4592 species
998 4525 1084 4592 saepe
1103 4507 1365 4574 adnumerantur
1382 4504 1450 4572 aed
