3142 5102
195 315 233 370 llll
754 322 916 364 onornnna:
1356 313 1482 371 Orobis.-

199 440 273 520 plos
295 437 404 502 rninus
423 434 517 518 alato,
536 433 621 500 loliis
637 433 956 502 lineari-lanceolatis
976 435 1079 500 acutis
1105 434 1223 500 areclis
1244 438 1489 518 superioribus

197 526 440 608 angustissimis
457 525 489 588 in
511 525 657 590 bracteas
668 523 789 590 sensim
803 523 1064 596 transeuntibus,
1076 525 1163 607 spica
1175 525 1321 606 elongata
1333 533 1483 610 angusta

200 617 321 698 saepius
339 613 532 694 lariuscula,
547 611 686 678 bracteis
700 612 868 678 berbaaeis
888 613 1055 678 trinerviis
1074 613 1259 678 lanceolatis
1277 617 1380 684 aculis
1397 636 1479 684 ona·

199 705 247 770 ria
273 703 480 787 aequantibus
506 700 555 766 rel
588 702 710 784 saepius
737 701 984 784 superantibus,
1009 702 1145 768 lloribns
1174 703 1290 779 roseis,
1313 707 1486 788 perigonii

201 793 321 877 phyllis
338 792 483 858 externis
495 789 643 870 oblongis
658 791 871 858 acutiusculis
887 793 920 855 in
939 791 1063 873 galeam
1078 791 1341 876 conniventibus,
1354 795 1483 861 labello

195 885 287 964 galea
307 881 515 963 sublongiore
536 899 553 942 a
573 878 641 942 basi
660 885 797 960 anguste
817 883 955 947 cuneata
973 880 1066 946 valde
1089 880 1220 946 dilatato
1249 881 1394 948 breviter
1411 886 1477 949 tri-

200 972 273 1037 lobo
303 969 384 1035 tobis
411 967 602 1035 lateralibus
637 969 821 1035 rotundatis
852 969 1018 1036 interdum
1056 971 1245 1047 erenulalis,
1275 971 1489 1039 intermedio

196 1061 378 1144 aqnilongo
404 1058 455 1123 vel
482 1057 634 1142 aequilalo
665 1057 717 1120 vel
750 1059 938 1138 angustiore
967 1058 1163 1136 dentilormi,
1184 1059 1308 1124 calcare
1331 1069 1476 1142 anguste

197 1149 374 1231 cylindrioo
392 1149 528 1213 incurvo
545 1150 639 1212 aonio
659 1146 770 1210 orario
792 1149 893 1230 duplo
914 1147 1065 1213 breviore
1092 1155 1133 1219 lt.
1157 1146 1258 1213 Rehb.
1278 1149 1387 1214 Germ.
1405 1151 1480 1217 tab.

203 1241 260 1304 156
279 1244 312 1304 et
330 1243 349 1300 t.
367 1239 408 1303 56
436 1237 487 1318 lig.
511 1233 566 1298 lll.
585 1269 625 1284 -
647 1233 682 1300 0.
701 1232 827 1298 Ibariro
848 1235 886 1298 ll.
905 1235 939 1299 B.
958 1236 988 1298 in
1012 1231 1123 1300 Willd.
1142 1236 1197 1318 sp.
1219 1236 1273 1317 IV,
1294 1239 1345 1302 25.
1365 1275 1405 1286 -
1437 1239 1488 1306 Ο,

196 1325 396 1408 leptophyllo
418 1325 453 1390 C.
481 1325 570 1390 Koch
600 1323 691 1388 Linn.
710 1323 805 1390 XXII
819 1342 851 1407 p.
871 1327 922 1390 28.
939 1359 981 1373 -
996 1323 1033 1390 0.
1057 1325 1208 1390 Nololico
1225 1326 1256 1391 F.
1278 1334 1311 1394 et
1328 1324 1367 1392 ll.
1384 1329 1477 1394 Ann.

196 1417 245 1484 Sa.
270 1416 347 1481 Nat.
371 1417 463 1493 1854,
477 1433 507 1496 p.
527 1415 583 1478 30!

231 1539 307 1596 Hab.
317 1540 346 1594 in
360 1539 517 1610 uliginosis
533 1540 562 1593 el
575 1536 613 1592 ad
621 1535 736 1592 rivulos
750 1535 823 1592 loeis
839 1537 933 1610 magis
945 1537 1229 1609 septentrionalibus
1244 1541 1376 1611 exceptis
1395 1542 1474 1597 sub-

196 1611 297 1683 alpina
322 1617 350 1666 et
378 1610 488 1680 alpina.
517 1609 632 1664 Graecia
658 1609 688 1662 in
711 1613 811 1662 monle
830 1608 959 1664 Kvllene
974 1625 1063 1680 supra
1079 1609 1203 1666 Triknla
1216 1610 1306 1668 4000’
1322 1611 1487 1685 (Heldrl),

194 1688 294 1737 monle
310 1681 423 1752 Velugo
439 1679 558 1735 OElollae
577 1679 719 1749 (Fraoall,
732 1683 833 1734 monte
851 1665 921 1734 OEla
940 1679 1099 1736 Pbtiolidis
1122 1681 1295 1738 labo-otoo’
1320 1684 1431 1752 (Heldr
1442 1689 1486 1756 l),

193 1753 331 1823 Byzantii
355 1753 410 1820 (1)·
422 1751 553 1821 Liston),
577 1750 615 1805 ad
639 1751 788 1820 Aneyram
801 1750 903 1819 (Wied
914 1754 943 1819 l),
968 1751 1082 1806 Isauria
1097 1753 1125 1806 in
1146 1751 1227 1808 valle
1245 1753 1361 1825 Djoksu
1374 1755 1476 1811 Tauri

194 1825 336 1894 (Heldrl),
360 1823 453 1878 Tauri
479 1821 594 1878 Cilioioi
622 1825 721 1876 monte
748 1820 982 1892 BulgharDagh
1008 1821 1111 1890 (Ball),
1138 1823 1289 1893 Lycaonia
1317 1825 1486 1898 (Tentat),

193 1895 294 2021 illl
317 1895 440 2020 (illl
453 1893 540 2019 lun
563 1893 862 2018 illlllllillbll
876 1893 1295 2023 ilffl'atll2li'bbih2l0
1315 1896 1353 1950 a
1374 1896 1478 2024 lug

191 1966 702 2118 auqserririg⁰l1iaugsnnicanorus
721 2037 822 2090 monte
843 1980 1016 2118 borninga
1029 1969 1477 2118 aniojy'fflarii'snssfwffmffiia

192 2108 375 2164 adErzerum
388 2107 495 2174 (Tahrlr
504 2110 534 2178 l),
544 2111 620 2161 rnler
632 2106 737 2160 Barbut
752 2109 781 2186 et
793 2105 1004 2177 IsprrlHuetl)‚
1018 2107 1129 2162 Tanna
1141 2109 1329 2164 meridionali
1340 2109 1428 2179 (Stev
1438 2114 1483 2182 l),
1528 2149 1533 2160 .

191 2178 428 2234 Transoaueasia
450 2179 480 2232 in
503 2177 612 2249 alpinis
631 2175 721 2244 (ΜΒ.
734 2175 877 2248 Erobwl),
898 2177 1009 2232 ditione
1030 2177 1160 2247 Talyseh
1182 2179 1338 2250 (Buhsel),
1359 2182 1477 2238 Parsia

188 2251 327 2306 orientali
351 2250 383 2304 in
401 2249 554 2304 montibus
595 2263 664 2319 rope
686 2247 759 2302 Jezd
781 2248 933 2318 (Bubselr,
956 2247 1130 2304 occidentali
1145 2251 1223 2306 inter
1235 2250 1330 2306 Silina
1346 2257 1375 2307 et
1390 2255 1475 2309 Kar·

192 2321 342 2378 manebab
353 2319 426 2376 9000
439 2322 445 2344 '
460 2264 634 2389 (Haussil).
653 2317 698 2374 Fl.
715 2319 778 2374 Oet.

223 2432 352 2488 Multum
365 2431 459 2486 variat
476 2430 667 2503 semipedalis
679 2429 728 2486 vel
743 2430 866 2502 pedalis,
881 2430 963 2500 spica
978 2430 1047 2486 laxa
1056 2435 1086 2486 et
1099 2431 1173 2487 faeie
1188 2429 1298 2504 Gpmn.
1310 2433 1477 2500 {odoratis-

187 2504 273 2561 simae
293 2506 321 2558 et
341 2517 461 2576 procera
475 2502 653 2574 1-2-pedolis
672 2503 754 2573 spiou
775 2501 972 2574 6·9·pollieari
991 2503 1085 2557 densa
1099 2504 1160 2558 lere
1175 2501 1284 2575 Gpmn.
1302 2519 1473 2578 conopaooe.

187 2574 480 2719 glagffialatgrgtormls
496 2573 651 2629 diminutis
665 2573 856 2642 abbreviatae,
867 2575 898 2627 in
910 2574 1200 2646 proceriselongalae
1213 2575 1299 2630 liores
1311 2577 1477 2634 interdum

628 2913 722 2982 Sam.
739 2915 778 2980 Il.
798 2914 1017 2982 Anoaonoms.

232 3127 279 3190 16.
296 3122 341 3190 0.
358 3122 549 3208 globosa
567 3122 621 3207 (L.
649 3121 704 3206 Sp.
731 3121 831 3206 luna)
857 3121 1030 3188 tuberibus
1059 3122 1206 3206 oblongis
1232 3124 1324 3207 apiae
1348 3125 1473 3195 rarius

183 3213 314 3291 bilobis‚
331 3214 424 3278 coola
444 3212 556 3278 striato
575 3211 672 3293 elato,
687 3211 772 3277 loliis
790 3211 965 3278 siccatione
986 3212 1223 3292 nigricanlibos
1249 3215 1342 3296 longe
1368 3217 1461 3297 ragi-

182 3303 338 3368 nontibos
358 3300 505 3382 oblongis
531 3299 759 3380 superioribus
782 3299 822 3364 ad
852 3299 975 3382 spicam
1002 3318 1109 3381 usque
1134 3303 1257 3368 sensim
1284 3302 1469 3374 diminutis-

182 3392 370 3456 lanceolatis
404 3389 612 3464 acutissimis,
646 3388 736 3472 spira
775 3389 971 3454 densissima
1002 3387 1278 3471 globoso-eonion,
1313 3392 1469 3461 bracleis

184 3479 346 3544 viridibus
366 3478 721 3562 pnrpuraomaoulatis
741 3477 930 3544 lunoaolalis
947 3477 1116 3544 trinarviis
1134 3481 1246 3545 orario
1264 3480 1461 3565 sublongio-

181 3569 287 3649 ribus,
306 3568 446 3633 tionibus
475 3567 588 3642 roseis,
618 3566 776 3650 perigonii
808 3566 933 3654 laciniis
963 3567 1108 3634 externis
1127 3569 1231 3635 oratis
1258 3572 1466 3638 acuminatis

180 3659 271 3740 apiae
291 3673 379 3740 sapa
399 3655 595 3739 spatbnlalis
619 3655 712 3721 initio
744 3655 776 3720 in
807 3656 930 3736 galeam
961 3656 1280 3725 anbronniventibns
1299 3659 1358 3724 sed
1379 3677 1463 3726 mox

180 3747 378 3830 palantibus,
404 3745 520 3810 labello
546 3743 666 3827 phyllis
697 3744 907 3824 sublongiore
934 3749 1083 3825 porrecto
1109 3746 1241 3827 ligniolo
1270 3747 1377 3813 abasi
1399 3750 1459 3815 vix

180 3835 312 3901 dilatato
330 3831 448 3900 lrilobo
460 3833 586 3898 laciniis
600 3832 791 3900 lateralibus
805 3833 971 3898 rlrombeis
987 3831 1113 3899 obtusis
1130 3834 1180 3901 vel
1200 3835 1334 3908 retusis,
1348 3837 1458 3904 inter·

177 3923 285 3988 media
303 3921 515 4004 sublongiore
535 3925 656 3998 retusa,
675 3923 798 3987 calcare
814 3921 927 4000 gracili
952 3921 1063 3988 cortino
1081 3923 1252 3991 dimidium
1271 3926 1375 3991 orarii
1398 3928 1456 3992 vix

174 4018 327 4095 anaante
351 4021 397 4084 p,
418 4010 459 4074 lo.
477 4011 566 4096 Jaoq.
584 4011 697 4076 nostr.
719 4009 774 4088 lll,
794 4009 858 4074 tab.
884 4010 961 4074 266.
981 4047 1022 4059 -
1051 4011 1153 4077 Rahb.
1177 4011 1289 4078 Germ.
1307 4013 1374 4081 lob.
1397 4015 1461 4082 99..

176 4137 213 4148 -
235 4099 497 4166 Pronnalainara
510 4097 646 4180 globoso
663 4099 764 4165 Rahb.
783 4105 847 4182 pat.

138 4205 140 4210 ¹
211 4227 333 4353 Habdin
346 4227 441 4298 pratis
457 4227 576 4299 alpinis,
586 4225 700 4282 Pontus
713 4225 838 4280 Lazieus
849 4223 893 4293 [C.
902 4225 988 4280 Koch
1004 4241 1041 4282 ex
1063 4227 1098 4282 ol.
1112 4227 1205 4284 Rahb.
1221 4227 1316 4298 filli]
1336 4228 1461 4285 ditione·

175 4315 235 4355 non
248 4315 281 4353 vr
305 4316 322 4353 1.

209 4410 257 4464 Ar.
274 4411 374 4478 ileogr.
397 4407 494 4464 Gallia
508 4410 537 4463 in
553 4406 702 4478 Pyreneis,
716 4405 851 4476 Alpibus,
865 4406 1017 4463 montibus
1034 4408 1453 4482 Arve1·nrae‚Jurasso,v0ga
1494 4409 1498 4414 '

173 4480 224 4552 sia,
236 4481 407 4553 Germania,
422 4479 511 4536 ltalia
522 4481 552 4534 in
564 4476 739 4550 apenninis,
753 4477 848 4546 istria,
861 4483 979 4534 montes
993 4479 1122 4550 regionis
1136 4481 1324 4537 Danubialis.
