3242 5124
16 350 69 430 η’,
157 341 228 398 ’716
725 353 896 396 crassorum
1294 337 1452 413 lipkedra.

11 466 64 556 {³1³
156 469 315 546 exserta,
332 465 473 534 amentis
499 467 648 534 femineis
665 469 698 534 in
719 469 847 534 ramulo
874 465 1067 534 miliaribus
1082 466 1243 548 oppositis
1259 469 1455 556 ¹terminali·

17 599 67 654 'l'
174 557 306 640 basque
325 555 545 622 lfa-breviter
560 556 764 642 pedieellatis
782 558 901 624 erectis
921 555 1072 624 unillnris
1091 555 1139 620 rel
1164 554 1301 635 bituris,
1325 560 1454 624 inuolu-

2 661 67 738 tgr,w
157 647 222 712 ..ori
238 647 364 728 vaginis
381 645 484 711 ternis
502 663 566 711 non
585 647 775 728 marginatis
797 646 948 713 oiliotatis
969 643 1182 712 inferioribus
1205 646 1452 730 cupulaeformi·

174 735 411 806 businteriore
428 736 526 818 triplo
551 736 697 816 longiore
725 735 843 802 obtuse
871 735 976 800 biloba
1004 736 1124 800 nocuit
1142 733 1303 818 breviore,
1338 734 1456 801 tubillo

176 829 269 892 reoto
286 833 314 900 5.
334 823 372 888 Ε.
387 823 478 888 aloru
497 822 640 909 Sebimp.
660 826 759 892 flrab
784 843 852 892 exe.
884 843 949 891 non
978 823 1149 890 Deoaisne.
1178 859 1222 870 -
1252 824 1289 890 Ε.
1311 822 1457 904 srupilis

176 911 338 981 Decaisne
364 911 447 980 flor.
475 913 543 980 Sin.
573 932 638 980 non
667 914 758 981 Desf.
784 951 825 962 -
847 913 885 980 Ε.
908 911 1073 979 altissimo
1101 912 1195 978 Delii.
1224 913 1274 980 ΙΙΙ.
1307 911 1359 998 Eg.
1390 913 1457 978 all

123 1003 125 1010 ⁴
177 1021 242 1070 non
262 1003 352 1069 Desf.

2 1156 9 1167 .
23 1145 41 1180 ‹,=,
153 1183 155 1189 ¹
213 1112 289 1169 Hab.
304 1113 335 1170 in
350 1113 468 1186 Egypto
480 1113 518 1170 ad
529 1113 743 1170 Alexandriam
756 1111 872 1186 (Schwl
886 1111 1014 1170 Letourn
1027 1116 1058 1184 l),
1073 1113 1111 1169 ad
1122 1113 1217 1170 Oaadi
1226 1113 1353 1170 Risched

7 1183 54 1268 ’,ἷὶ
177 1185 299 1268 Heluam
314 1185 481 1254 (Soirweinf
488 1189 519 1312 ἓ,
534 1185 646 1241 Ambit
661 1189 762 1258 petrea
780 1187 812 1241 in
823 1189 897 1256 jugo
910 1185 1052 1241 Sineitico
1066 1185 1178 1254 (Boset
1195 1187 1281 1240 Boiss
1291 1189 1321 1256 l),
1338 1129 1384 1240 arf
1399 1185 1457 1240 Ra-

0 1262 14 1335 J
27 1289 37 1326 ;,.
56 1293 57 1296 ,
198 1257 294 1312 bidim
307 1260 336 1312 et
351 1256 484 1324 Besten(
510 1257 618 1329 chimp.
633 1257 699 1314 3161
716 1261 745 1314 et
758 1256 848 1328 2801),
864 1256 1015 1314 Palestina
1028 1256 1068 1312 ed
1086 1257 1123 1312 Jo
1145 1273 1202 1330 pen
1219 1257 1291 1328 (Ky.
1313 1257 1401 1328 amr),
1419 1257 1458 1312 ad

0 1337 45 1398 π
175 1274 299 1385 gericho
327 1327 422 1396 (Belli
443 1328 603 1400 Barbeyl)‚
635 1330 667 1384 in
694 1329 809 1384 deserto
847 1329 969 1400 Syriaco
994 1330 1071 1384 inter
1132 1344 1200 1386 eme
1225 1333 1254 1384 et
1285 1327 1458 1398 Palmyram

0 1472 3 1487 ,
57 1423 58 1426 “
160 1398 325 1468 -(Blaaobe
335 1402 363 1468 t).
378 1398 507 1456 Arabica
520 1399 597 1456 Alte.
1279 1402 1281 1404 ’

217 1498 328 1552 Frutex
349 1497 548 1580 pluripedalis
570 1500 600 1553 et
618 1499 707 1554 etiem
726 1497 764 1554 sd
787 1497 910 1554 arbores
926 1497 986 1554 alte
1010 1471 1163 1568 scandens,
1188 1501 1311 1554 amenta
1330 1497 1460 1554 feminee
1500 1479 1503 1486 ⁴

177 1570 297 1624 varient
308 1567 436 1624 uutllore
444 1573 473 1625 st
483 1571 579 1624 rarius
587 1569 703 1625 billora.
716 1569 836 1641 Species
844 1571 882 1626 eb
890 1568 924 1624 Ε.
961 1569 1045 1642 mpiti
1054 1571 1146 1626 remis
1154 1569 1325 1641 junioribus
1337 1568 1461 1636 tolletis,

0 1644 21 1733 {⁸
42 1663 58 1736 ‘¹
178 1639 330 1696 involucri
343 1641 464 1710 vaginis
474 1641 590 1710 uitiatis,
609 1641 647 1696 ab
668 1639 704 1696 Ε.
721 1641 944 1724 campylopoda
961 1642 1016 1697 hac
1041 1644 1116 1696 nota·
1132 1646 1159 1696 et
1176 1641 1304 1696 ementis
1322 1639 1460 1696 femineis

177 1711 396 1766 subsessilibus
411 1712 515 1768 erectis
529 1711 709 1784 discrepans.
726 1711 758 1768 Ε.
773 1713 923 1769 αἰιιζςειηια
939 1712 1019 1770 Desf.
1037 1711 1142 1767 Africae
1165 1711 1294 1768 borealis
1315 1712 1413 1769 incola
1430 1715 1461 1768 et

0 1765 64 1854 ῥῖζ,
84 1833 86 1838 ,
178 1782 337 1838 inditione
353 1783 436 1838 norm
458 1782 619 1840 orientalis
639 1799 700 1839 non
719 1783 810 1839 obvia
830 1783 949 1856 longius
966 1782 1064 1840 differt
1089 1783 1306 1840 innotescentia
1326 1785 1460 1840 mascula

77 1937 79 1940 ¹
177 1853 358 1926 paniculota,
373 1853 509 1910 sotheris
522 1854 610 1926 binis,
626 1860 681 1911 etc.

0 1961 40 2062 J
106 2063 109 2068 ,
224 2007 256 2068 8.
276 2002 320 2070 Ε.
336 2002 493 2072 foliata
515 2005 638 2086 (Boias.
656 2010 689 2072 et
707 2005 767 2090 ΚΥ.
786 2005 902 2073 Sobed.
917 2005 1014 2082 Pers,
1037 2005 1149 2072 Austr.
1180 2005 1280 2086 1845)
1304 2005 1460 2073 fruticosa

0 2097 60 2192 7,,
166 2092 281 2160 xramis
298 2094 424 2160 striatis
450 2093 608 2162 flexuosis
626 2095 778 2178 opposite
801 2095 975 2163 remulosis
1001 2095 1208 2178 remotisque
1234 2095 1274 2160 ad
1305 2095 1458 2162 articula·

182 2184 292 2249 tiones
323 2183 458 2257 foliosis,
475 2185 559 2250 foliis
586 2185 758 2267 quaternis
785 2190 818 2251 et
840 2184 926 2250 binis
961 2183 1299 2264 fililormi-suoulatis,
1320 2184 1461 2250 amentis

9 2267 10 2274 ’
36 2235 38 2246 ’
75 2301 78 2308 »
179 2272 408 2338 terminalibus
429 2274 485 2338 os
503 2273 740 2340 subsessorum
760 2274 957 2340 intermedio
980 2274 1120 2340 femineo
1135 2273 1251 2339 orooro
1268 2272 1459 2338 lateralibus

185 2361 235 2426 vei
253 2361 407 2426 omnibus
428 2363 583 2427 masculis
605 2365 721 2440 oratis,
739 2364 886 2430 aritheris
902 2363 1005 2428 ternis
1025 2363 1198 2429 srssilibus
1218 2365 1369 2428 columns
1386 2363 1461 2428 bre-

180 2451 270 2515 viter
287 2453 418 2518 exeerla
437 2451 594 2534 suffultis
612 2452 773 2518 involucri
793 2451 923 2518 feminei
940 2453 1067 2535 vaginis
1085 2451 1190 2518 ternis
1206 2451 1325 2518 uitiatis
1342 2451 1460 2516 obtuse

182 2538 300 2606 bilobis
328 2540 486 2606 interiore
507 2540 607 2621 duplo
634 2541 780 2622 longiore
805 2543 936 2609 nucrrlis
956 2541 1168 2624 sublongiore
1187 2550 1214 2615 ὁ.
1241 2540 1278 2606 Ε.
1296 2539 1410 2605 ciliufc
1425 2539 1460 2606 F.

180 2633 215 2694 el
235 2627 274 2693 M.
292 2647 332 2695 ex
348 2627 383 2692 C.
401 2629 440 2694 Α.
460 2627 527 2712 Mey
548 2630 631 2713 pr.
652 2651 683 2714 p.
705 2633 776 2696 100.

218 2739 294 2795 Hab.
303 2741 330 2794 in
347 2756 431 2810 prov.
439 2740 552 2796 Ghilan
566 2741 675 2797 Persiae
689 2743 794 2811 (Auolr.
809 2741 881 2798 off
894 2743 925 2810 l),
938 2743 968 2798 in
982 2741 1082 2798 Persia
1096 2742 1229 2798 loconon
1245 2744 1347 2798 notaio
1361 2739 1459 2812 (Kyl),

181 2811 213 2865 in
228 2811 398 2882 Affghoniae
413 2811 492 2867 valle
506 2813 638 2868 Kurrum
650 2813 728 2868 inter
741 2814 822 2870 Khal
836 2819 864 2869 et
879 2813 1021 2869 Manduri
1031 2812 1112 2870 3500*
1127 2813 1237 2881 (Aitcb.
1251 2813 1326 2882 495).

217 2907 312 2963 Unice
327 2909 442 2980 species
471 2908 619 2982 Ephedroe
645 2913 780 2967 monoica
804 2909 880 2966 mibi
901 2913 981 2967 nota.
1006 2911 1110 2968 Remis
1132 2911 1268 2966 foliiferis
1290 2915 1319 2966 et
1343 2911 1461 2982 vaginis

178 2979 331 3034 involucri
342 2979 448 3034 eiliatis
462 2981 499 3036 ad
517 2979 552 3036 E.
563 2981 754 3038 Alteaceedit
769 2983 821 3038 sed
841 2982 904 3038 huuc
927 2983 1023 3039 dioiou
1037 2989 1090 3051 est,
1105 2982 1204 3038 differt
1219 2985 1342 3053 insuper
1354 2997 1460 3036 aman-

178 3051 219 3106 tis
232 3051 409 3109 einsescufis
421 3051 459 3105 ed
472 3053 698 3109 stimulationes
712 3053 851 3110 confertis
862 3055 1125 3112 numerosissimis.
1139 3055 1184 3109 Ex
1197 3053 1302 3126 paucis
1315 3056 1344 3110 et
1353 3053 1462 3124 imper·

178 3121 262 3178 fectis
281 3122 496 3193 speciminibus
512 3128 583 3180 note
596 3127 624 3180 et
640 3126 763 3180 ulterius
788 3125 986 3182 observanda.

224 3289 256 3353 9.
285 3285 331 3353 Ε.
353 3287 577 3375 polylepls
606 3289 727 3374 (Boiss.
753 3297 786 3356 et
810 3291 967 3362 Honesti
990 3293 1144 3360 fruticosa
1171 3292 1256 3358 elato
1280 3290 1460 3370 scandens,

183 3378 285 3442 rumis
318 3377 477 3460 elongetis
506 3381 711 3464 remotisque
737 3381 938 3449 verticillatis
959 3387 991 3448 et
1011 3381 1173 3467 oppositis
1187 3380 1314 3448 striatis
1333 3381 1463 3448 laevius-

181 3467 275 3541 culis,
307 3466 391 3533 foliis
428 3467 607 3535 linearibus
640 3469 943 3538 brevibusoiliatis
980 3471 1209 3553 superioribus
1240 3469 1281 3536 ad
1306 3487 1462 3553 squamas

184 3556 340 3636 reductis,
363 3557 503 3622 amentis
529 3559 684 3625 masculis
716 3561 771 3624 7-9
809 3559 982 3628 sessilibus
1017 3559 1166 3640 oblongis
1195 3559 1384 3626 mullissoris
1422 3558 1464 3622 ad

185 3646 390 3714 ramulorum
407 3645 589 3728 longiorum
607 3648 731 3732 apicem
756 3649 1085 3731 capitato-congestis,
1103 3649 1250 3714 antberis
1273 3648 1377 3712 ternis
1395 3663 1465 3712 ses·

184 3733 302 3800 sitibus
324 3733 474 3799 colmani
490 3735 581 3800 brevi
603 3737 760 3817 simultis,
778 3737 927 3804 femineis
947 3738 1093 3805 breviter
1114 3736 1316 3820 pedioellalis
1336 3735 1465 3801 billoris

184 3823 216 3886 in
246 3839 357 3904 cymas
375 3824 566 3890 terminales
586 3825 636 3890 bis
663 3825 791 3892 trifidas
808 3827 1056 3909 approximatis,
1081 3825 1243 3892 involucri
1266 3825 1393 3908 vaginis
1410 3825 1463 3890 ol

184 3912 256 3976 lure
290 3912 470 3977 imbricatis
512 3913 629 3980 obtuse
672 3915 788 3981 bilobis
830 3922 969 3998 anguste
1003 3914 1465 3994 membranaceo-marginalis

179 4000 300 4153 οῑΙὲἯε
320 4000 360 4066 ub
377 4001 588 4068 inferioribus
608 4001 647 4068 ad
666 4003 871 4086 superiorem
885 4005 985 4087 duplo
1005 4005 1184 4088 longiorem
1202 4003 1327 4070 sensim
1343 4002 1464 4084 auctis,

185 4094 220 4154 tu
249 4089 256 4152 i
285 4094 458 4165 areolos.

220 4201 297 4256 Hab.
311 4203 342 4258 in
357 4203 486 4260 dumetis
500 4203 1022 4278 valliumdistrlottsKubKilouyeh
1033 4206 1142 4262 Persiae
1152 4203 1465 4262 austro-occidentalis

183 4273 223 4327 ad
236 4272 319 4344 Teng
333 4273 436 4329 Biresa
448 4281 477 4330 et
491 4275 550 4330 fere
566 4275 679 4349 ubique
693 4277 868 4336 eobo-mou*
880 4277 1016 4347 (Haussk
1025 4280 1055 4348 Ι).
1067 4277 1110 4333 ΕΙ.
1128 4278 1146 4334 J
1149 4276 1189 4332 ul.

220 4369 341 4426 Remuli
355 4372 476 4428 floriferi
488 4371 686 4445 bipollicares‚
704 4379 823 4431 amenta
843 4376 979 4432 mascula
995 4374 1059 4444 2¹la
1074 4374 1171 4430 lineas
1186 4373 1323 4430 immines
1336 4373 1355 4430 5
1368 4373 1466 4430 lineam

183 4442 407 4510 longa,nuoulae
423 4445 466 4499 eis
485 4458 685 4515 congenerem
698 4447 894 4503 subminores.
908 4446 1027 4520 Species
1049 4445 1271 4503 inflorescentia
1294 4449 1325 4501 et
1347 4445 1467 4516 vaginis

184 4513 353 4568 numerosis
366 4521 554 4571 omentorum
567 4515 762 4574 femineorum
776 4518 913 4590 insignis.

1385 1129 1457 1186 rope
1578 1126 1579 1129 ’
