3262 5114
155 389 210 446 484
717 405 887 448 calmacus
1293 389 1432 448 Pilleum.

190 512 269 570 Hab.
282 513 314 568 in
327 512 462 570 Caucaso
477 509 650 572 aloo’ecob’
666 529 705 571 ex
720 515 759 573 M.
768 515 802 572 B.
810 519 839 572 et
855 515 887 573 G.
899 513 934 570 Α.
945 513 1022 586 May.
1037 513 1090 570 sed
1100 513 1265 586 specimina
1276 514 1437 571 Caucasica

156 584 310 714 &001⁸th
307 589 464 712 oltmvfflleslgz
465 600 514 710 'ne
530 585 627 643 claros
638 589 775 642 auctores
788 601 841 660 pro
858 587 914 642 bac
927 587 1026 658 specie
1040 586 1215 642 varietatem
1237 583 1368 642 ciliatam
1379 584 1434 642 Pb.

190 769 238 824 Ar.
252 769 353 837 decor.
365 767 467 839 Alpes,
481 765 633 825 Jurassus.

203 948 252 1010 lo.
280 944 330 1012 Η.
358 947 573 1030 pratense
597 943 648 1031 (b.
676 948 731 1030 b'p.
754 946 811 1033 79)
834 965 990 1030 perenne,
1011 947 1193 1013 rbizomate
1215 948 1309 1014 brevi
1334 948 1437 1014 fibras

155 1035 285 1115 edente,
303 1034 421 1100 culmis
443 1034 538 1101 elatis
556 1034 677 1102 erectis
703 1037 752 1102 vel
777 1038 905 1104 inferne
925 1036 1195 1118 subgeniculatis
1222 1036 1307 1102 loliis
1330 1037 1437 1120 longis

155 1123 337 1190 linearibus
363 1123 470 1207 planis
490 1125 638 1204 margine
653 1127 781 1209 asperis
802 1126 929 1208 vaginis
948 1125 1148 1209 cylindricia
1170 1127 1323 1210 paniculi
1339 1127 1437 1210 spici·

155 1213 251 1280 lormi
278 1211 457 1296 cylindricd
486 1213 589 1279 densa
615 1215 723 1298 viridi,
743 1216 863 1297 plumis
895 1213 1171 1296 lineari-oblongis
1199 1217 1261 1280 late
1291 1215 1439 1297 margine

156 1301 414 1367 membranaceis
432 1302 522 1384 apice
535 1303 653 1384 angulo
670 1309 757 1371 recto
772 1305 932 1370 truncatis
948 1303 1046 1370 dorso
1063 1303 1222 1387 adpresse
1235 1309 1269 1369 et
1284 1303 1437 1370 clevalim

154 1391 295 1457 triuervi
324 1395 458 1456 exarato
478 1391 519 1454 ad
548 1393 693 1458 carinam
719 1394 824 1459 ciliato
845 1395 877 1459 in
900 1393 1034 1458 aristam
1071 1398 1194 1458 rectam
1223 1395 1335 1476 glumd
1364 1393 1438 1476 ipsa

156 1480 284 1562 3·d-plo
308 1479 494 1545 breviorem
518 1481 688 1562 producto,
701 1482 856 1566 glumella
875 1487 907 1548 et
922 1481 1013 1565 palei
1029 1482 1143 1560 glumd-
1158 1483 1259 1566 triplo
1277 1481 1438 1549 breviori-

154 1569 218 1634 buc
237 1568 369 1635 birtulis
382 1569 543 1635 truncatis
568 1571 599 1640 ΩΙ
622 1571 705 1638 Host
723 1569 836 1637 Gram.
856 1574 943 1637 tel.
963 1607 1002 1618 --
1023 1571 1114 1636 Trin.
1134 1570 1245 1637 Gram.
1266 1572 1330 1638 tab.
1345 1573 1374 1636 5.
1393 1607 1438 1620 -

156 1658 192 1722 Ρ.
210 1660 405 1724 montanum
423 1656 457 1723 G.
474 1657 564 1724 Koch
583 1658 680 1726 Linn.
703 1661 792 1738 XXI,
810 1681 841 1746 p.
862 1662 952 1726 883?
972 1677 1012 1726 ex
1031 1661 1186 1744 descript.

191 1783 271 1840 Hah.
285 1785 316 1839 in
330 1783 423 1854 pratis
437 1784 603 1856 prasertim
614 1786 746 1856 regionis
762 1789 912 1842 montanee
934 1788 963 1841 et
986 1786 1165 1912 ευὸαΙὲιηω,
1191 1786 1333 1841 Parnassi
1357 1787 1438 1856 regio

156 1855 289 1910 abietlna
302 1855 314 1918 Ι
317 1855 398 1924 Galil
408 1858 439 1926 l),
452 1870 538 1910 mons
553 1855 702 1912 Kortbiati
721 1857 905 1913 Macedoniae
924 1857 1060 1929 (Orpbll,
1105 1858 1217 1927 yzantii
1239 1857 1362 1926 (Casu),
1383 1861 1439 1912 Ar-

156 1927 258 1982 menia
288 1927 327 1981 ad
353 1926 611 1982 Gumuschkbanb
626 1931 736 1999 (Bourg
747 1931 778 2000 l),
791 1929 823 1984 in
843 1929 967 1985 Caucasi
987 1929 1107 2000 regione
1121 1927 1281 2000 subalpina
1291 1931 1319 1984 et
1337 1927 1442 2000 alpina

156 1998 201 2067 (C.
214 2002 249 2053 Α.
261 1997 301 2054 M.
315 1997 436 2069 Ruprl),
449 1997 546 2054 Iberia
558 1999 720 2056 Caucasice
732 1999 854 2072 (Hohl),
866 2000 978 2056 Tauria
993 2000 1107 2069 (Stoa).

200 2113 223 2196 β
258 2112 430 2179 undosam.
464 2151 505 2162 -
539 2114 697 2181 Rhizoma
725 2105 1112 2194 bulboso-incrassatum,
1136 2114 1211 2180 lolia
1248 2115 1438 2181 abbreviata

155 2201 354 2284 angustiora.
380 2239 419 2250 -
449 2201 514 2269 Pu.
533 2203 697 2270 crudosum
715 2205 752 2270 L.
771 2203 826 2288 Sp.
837 2206 892 2269 88.
905 2239 946 2251 --
965 2203 1056 2268 Trin.
1078 2203 1188 2269 Gram.
1209 2204 1272 2269 tab.
1295 2207 1326 2270 6.

191 2327 269 2383 Hab.
291 2328 322 2383 in
345 2327 437 2398 siccis,
460 2327 685 2453 Pelossonnesus
710 2327 1004 2412 (Boryl)‚·Byzautii
1023 2327 1147 2399 (Postlb
1171 2329 1324 2386 Cataoniae
1351 2345 1441 2385 mons

157 2399 331 2472 Berytdagb
346 2397 521 2470 (Hausslrl),
559 2399 725 2470 ingoldagh
738 2402 892 2464 Armeniae
900 2397 979 2456 7500’
993 2398 1092 2470 (Kyl).

191 2511 239 2566 Ar.
253 2511 355 2582 decor.
372 2509 493 2582 Europa
507 2512 578 2582 tota,
590 2510 702 2566 Sibisia
716 2511 823 2583 omnis,
838 2509 975 2566 Amerlca
989 2510 1133 2566 borealis.

204 2681 252 2743 ll.
281 2676 358 2744 Ph.
391 2676 597 2761 alpinum
614 2677 665 2754 (L.
684 2676 740 2760 Sp.
758 2677 816 2762 88)
847 2695 1003 2761 perenne,
1023 2678 1204 2743 rbizomate
1226 2678 1440 2761 subrepente,

157 2767 272 2834 culmis
292 2766 557 2848 ascendentibus,
578 2767 651 2832 lolis
672 2768 843 2833 latinscule
863 2767 1044 2834 linearibus
1062 2767 1166 2833 acutis
1185 2768 1330 2850 margine
1347 2785 1443 2850 uspe-

159 2857 216 2933 ris,
245 2856 397 2940 paniculi
422 2855 602 2938 spicilormi
630 2857 776 2922 breviter
802 2855 1010 2940 cylindraced
1040 2857 1092 2922 vel
1130 2859 1226 2923 orati
1257 2873 1444 2942 purpuras-

157 2950 259 3022 cenle,
279 2944 400 3028 glumis
414 2944 696 3027 lineari-oblongis
716 2945 812 3011 birlis
826 2944 972 3027 margine
993 2947 1056 3011 late
1071 2945 1330 3012 membranaceis
1346 2945 1440 3028 apice

156 3035 277 3117 angulo
310 3040 399 3101 recto
431 3034 603 3110 truncatis,
630 3035 729 3101 dorso
767 3034 907 3100 trinervi
929 3041 1063 3100 exarato
1092 3035 1132 3100 ad
1168 3036 1312 3100 carinam
1344 3035 1440 3115 longe

156 3124 264 3189 ciliato
283 3123 316 3189 in
333 3125 467 3190 aristam
485 3127 608 3187 rectam
633 3124 772 3190 cilialarn
804 3125 853 3189 vel
876 3123 997 3189 nudam
1016 3125 1135 3204 glunrae
1152 3125 1368 3209 aequilongam
1387 3121 1441 3186 vel

158 3212 254 3296 paulo
270 3212 454 3280 breviorem
473 3211 644 3294 producto,
664 3212 818 3293 glunclla
835 3219 867 3280 et
887 3213 980 3296 palea
997 3215 1109 3294 glomi
1125 3215 1223 3280 tertii
1248 3218 1340 3296 parte
1366 3212 1444 3277 bre-

157 3301 305 3368 vioribus
320 3301 378 3368 illa
397 3306 495 3368 ovata
509 3299 628 3367 obtusa
644 3301 735 3384 apice
753 3302 1054 3384 denticulaldapice
1074 3303 1172 3370 dorso
1194 3303 1316 3368 birtuld
1338 3303 1384 3372 ΩΙ.
1396 3335 1438 3349 -

157 3389 351 3456 Ic,Fl.Dan.
373 3389 436 3456 tab.
453 3389 529 3455 ula.
544 3427 580 3437 —
598 3395 679 3458 Host
699 3389 810 3456 Gram.
829 3389 885 3474 lli,
902 3391 989 3456 tib.
1004 3427 1040 3439 -
1057 3391 1147 3457 Trin.
1168 3391 1277 3456 Gram.
1297 3390 1363 3456 tab.
1382 3389 1438 3454 ul.

194 3515 272 3574 Hab.
285 3517 317 3572 in
331 3517 451 3589 regione
465 3517 576 3588 alpina,
590 3518 705 3574 Pontus
724 3517 851 3573 Labicus
866 3518 905 3572 ad
922 3517 1070 3574 Alischeri
1091 3519 1192 3590 (Kyl),
1217 3533 1309 3590 supra
1334 3487 1443 3589 Djiml¹

159 3587 413 3732 ffltllkncfflacla&
423 3603 511 3644 mons
526 3588 693 3645 Kaiscbaur
712 3588 884 3660 (Owerinl),
898 3589 1018 3644 Taurus
1037 3589 1178 3646 Cilicicus
1193 3604 1285 3662 supra
1307 3587 1441 3660 Bulgbar

201 3773 239 3856 β,
257 3777 505 3841 calumniatum.
530 3809 572 3824 -
602 3775 721 3856 Minus,
748 3779 857 3854 tenue,
875 3774 963 3857 spica
984 3775 1091 3841 minor
1118 3780 1225 3854 ovata,
1253 3774 1441 3857 glumarum

158 3865 270 3930 aristae
292 3864 464 3931 breviores
493 3865 597 3931 nuda.
615 3901 658 3914 —-
678 3865 771 3931 Trin.
794 3863 850 3929 Gr.
876 3864 941 3930 tab.
968 3865 1019 3929 lu.
1045 3901 1086 3912 -
1115 3863 1176 3929 Pb.
1203 3863 1442 3928 commutatum

158 3948 261 4020 Gaud.
278 3953 411 4036 Agrost.
425 3953 451 4036 l,
469 3973 501 4038 p.
520 3955 571 4020 40.
586 3992 627 4004 -
644 3953 704 4020 Pb.
721 3951 1002 4040 microstccbpum
1021 3951 1117 4038 Nym.

192 4077 272 4132 Hab.
287 4079 319 4134 in
331 4078 506 4136 siccioribus
522 4081 640 4151 alpinis,
659 4080 775 4136 Graecia
792 4079 824 4134 in
847 4081 948 4134 monto
970 4077 1096 4150 Kyllene
1117 4081 1145 4133 ct
1170 4077 1295 4134 Veluchi
1320 4073 1443 4131 AEtoliae

159 4148 305 4220 (Heldrli,
326 4149 474 4207 Parnasso
504 4151 638 4222 (Orpbl),
668 4149 847 4206 Macedonia
877 4152 909 4206 in
940 4149 1052 4205 Scardo
1094 4149 1247 4218 (Grisabl)
1292 4147 1440 4219 Olympus

158 4219 311 4292 Bithynus
325 4221 462 4293 (Boissl),
475 4221 609 4278 Libanus
624 4221 662 4278 ad
675 4223 761 4278 nives
773 4235 865 4293 prope
888 4221 1078 4292 Aingeddaia
1096 4219 1185 4293 (Bll),
1204 4217 1442 4276 Transcaucasia

158 4294 191 4349 in
204 4291 360 4348 montibus
373 4292 506 4364 Tclysch
520 4293 674 4365 (Bubsel),
688 4292 848 4364 Affgbania
860 4293 898 4349 ad
910 4291 989 4348 Erak
1002 4291 1099 4350 12000’
1115 4291 1238 4362 (Griffl).

194 4405 362 4533 wtizam.
378 4403 470 4478 Alpes
486 4403 577 4461 totius
596 4403 734 4478 Europae,
752 4403 920 4476 magada,
941 4403 1068 4473 Sibiria,
1089 4403 1234 4460 Americae
1258 4401 1387 4460 borealis
1410 4405 1446 4458 et

159 4492 198 4532 au
303 4518 310 4532 .
