<?xml version="1.0" encoding="UTF-8"?>
<!DOCTYPE html PUBLIC "-//W3C//DTD XHTML 1.0 Transitional//EN"
    "http://www.w3.org/TR/xhtml1/DTD/xhtml1-transitional.dtd">
<html xmlns="http://www.w3.org/1999/xhtml" xml:lang="en" lang="en">
 <head>
  <title>
</title>
<meta http-equiv="Content-Type" content="text/html;charset=utf-8" />
  <meta name='ocr-system' content='tesseract 3.04.00' />
  <meta name='ocr-capabilities' content='ocr_page ocr_carea ocr_par ocr_line ocrx_word'/>
</head>
<body>
  <div class='ocr_page' id='page_1' title='image "./floraorientalis03boisgoog_0149.png"; bbox 0 0 3192 5102; ppageno 0'>
   <div class='ocr_carea' id='block_1_1' title="bbox 107 311 1369 374">
    <p class='ocr_par' dir='ltr' id='par_1_1' title="bbox 107 311 1369 374">
     <span class='ocr_line' id='line_1_1' title="bbox 107 311 1369 374; baseline 0.002 -2"><span class='ocrx_word' id='word_1_1' title='bbox 107 311 254 372; x_wconf 70' lang='lat' dir='ltr'><strong>eloctum.</strong></span> <span class='ocrx_word' id='word_1_2' title='bbox 648 329 802 373; x_wconf 76' lang='lat' dir='ltr'><strong>remanum</strong></span> <span class='ocrx_word' id='word_1_3' title='bbox 1314 315 1369 374; x_wconf 85' lang='grc'><strong>139</strong></span> 
     </span>
    </p>
   </div>
   <div class='ocr_carea' id='block_1_2' title="bbox 163 532 1294 694">
    <p class='ocr_par' dir='ltr' id='par_1_2' title="bbox 163 532 1294 694">
     <span class='ocr_line' id='line_1_2' title="bbox 163 532 1294 619; baseline 0.004 -20"><span class='ocrx_word' id='word_1_4' title='bbox 163 535 215 601; x_wconf 82' lang='lat' dir='ltr'><strong>Ta.</strong></span> <span class='ocrx_word' id='word_1_5' title='bbox 232 533 286 599; x_wconf 87' lang='grc' dir='ltr'>ΙΙΙ.</span> <span class='ocrx_word' id='word_1_6' title='bbox 305 533 579 604; x_wconf 73' lang='lat' dir='ltr'><strong>chabloium.</strong></span> <span class='ocrx_word' id='word_1_7' title='bbox 600 573 643 584; x_wconf 92' lang='lat'>—</span> <span class='ocrx_word' id='word_1_8' title='bbox 666 536 875 619; x_wconf 90' lang='lat' dir='ltr'><strong>Perigonium</strong></span> <span class='ocrx_word' id='word_1_9' title='bbox 899 535 1083 618; x_wconf 76' lang='lat' dir='ltr'><strong>irregulare</strong></span> <span class='ocrx_word' id='word_1_10' title='bbox 1099 532 1294 604; x_wconf 76' lang='lat' dir='ltr'><strong>staminibus</strong></span> 
     </span>
     <span class='ocr_line' id='line_1_3' title="bbox 268 625 936 694; baseline -0.007 -1"><span class='ocrx_word' id='word_1_11' title='bbox 268 661 270 664; x_wconf 96' lang='lat'>·</span> <span class='ocrx_word' id='word_1_12' title='bbox 508 625 761 694; x_wconf 87' lang='lat' dir='ltr'><strong>unitateralibns</strong></span> <span class='ocrx_word' id='word_1_13' title='bbox 781 625 936 692; x_wconf 86' lang='lat' dir='ltr'><strong>arcuatis.</strong></span> 
     </span>
    </p>
   </div>
   <div class='ocr_carea' id='block_1_3' title="bbox 482 816 967 916">
    <p class='ocr_par' dir='ltr' id='par_1_3' title="bbox 482 816 967 916">
     <span class='ocr_line' id='line_1_4' title="bbox 482 816 967 916; baseline -0.004 -22"><span class='ocrx_word' id='word_1_14' title='bbox 482 816 697 896; x_wconf 78' lang='lat' dir='ltr'><strong>ttttttuttts</strong></span> <span class='ocrx_word' id='word_1_15' title='bbox 721 819 768 916; x_wconf 83' lang='lat' dir='ltr'><strong>(b.</strong></span> <span class='ocrx_word' id='word_1_16' title='bbox 792 819 869 895; x_wconf 77' lang='lat' dir='ltr'><strong>Gur.</strong></span> <span class='ocrx_word' id='word_1_17' title='bbox 899 817 967 914; x_wconf 75' lang='lat' dir='ltr'><strong>bi).</strong></span> 
     </span>
    </p>
   </div>
   <div class='ocr_carea' id='block_1_4' title="bbox 26 1005 1422 1877">
    <p class='ocr_par' dir='ltr' id='par_1_4' title="bbox 26 1005 1363 1092">
     <span class='ocr_line' id='line_1_5' title="bbox 26 1005 1363 1092; baseline -0.001 -22"><span class='ocrx_word' id='word_1_18' title='bbox 26 1053 31 1070; x_wconf 82' lang='lat'>.</span> <span class='ocrx_word' id='word_1_19' title='bbox 142 1006 341 1091; x_wconf 84' lang='lat' dir='ltr'><strong>Perigonium</strong></span> <span class='ocrx_word' id='word_1_20' title='bbox 358 1007 553 1074; x_wconf 88' lang='lat' dir='ltr'><strong>corollinum</strong></span> <span class='ocrx_word' id='word_1_21' title='bbox 573 1008 757 1092; x_wconf 75' lang='lat' dir='ltr'><strong>irregulare</strong></span> <span class='ocrx_word' id='word_1_22' title='bbox 775 1007 853 1075; x_wconf 93' lang='lat' dir='ltr'><strong>tubo</strong></span> <span class='ocrx_word' id='word_1_23' title='bbox 871 1007 962 1075; x_wconf 86' lang='lat' dir='ltr'><strong>brevi</strong></span> <span class='ocrx_word' id='word_1_24' title='bbox 989 1007 1113 1078; x_wconf 89' lang='lat' dir='ltr'><strong>laciniis</strong></span> <span class='ocrx_word' id='word_1_25' title='bbox 1130 1025 1189 1073; x_wconf 88' lang='lat' dir='ltr'><strong>sex</strong></span> <span class='ocrx_word' id='word_1_26' title='bbox 1216 1005 1363 1072; x_wconf 90' lang='lat' dir='ltr'><strong>subbila·</strong></span> 
     </span>
    </p>

    <p class='ocr_par' dir='ltr' id='par_1_5' title="bbox 26 1094 1422 1877">
     <span class='ocr_line' id='line_1_6' title="bbox 26 1094 1364 1212; baseline 0 -52"><span class='ocrx_word' id='word_1_27' title='bbox 26 1111 28 1212; x_wconf 52' lang='lat' dir='ltr'><strong>p</strong></span> <span class='ocrx_word' id='word_1_28' title='bbox 103 1095 194 1162; x_wconf 90' lang='lat' dir='ltr'><strong>biatis.</strong></span> <span class='ocrx_word' id='word_1_29' title='bbox 211 1094 389 1163; x_wconf 82' lang='lat' dir='ltr'><strong>Staminatl</strong></span> <span class='ocrx_word' id='word_1_30' title='bbox 406 1095 445 1161; x_wconf 89' lang='lat' dir='ltr'><strong>ad</strong></span> <span class='ocrx_word' id='word_1_31' title='bbox 459 1097 583 1180; x_wconf 78' lang='lat' dir='ltr'><strong>apicem</strong></span> <span class='ocrx_word' id='word_1_32' title='bbox 604 1098 674 1164; x_wconf 90' lang='lat' dir='ltr'><strong>tubi</strong></span> <span class='ocrx_word' id='word_1_33' title='bbox 690 1098 816 1164; x_wconf 88' lang='lat' dir='ltr'><strong>inserta</strong></span> <span class='ocrx_word' id='word_1_34' title='bbox 829 1096 1038 1164; x_wconf 77' lang='lat' dir='ltr'><strong>ascendentia</strong></span> <span class='ocrx_word' id='word_1_35' title='bbox 1061 1097 1199 1179; x_wconf 86' lang='lat' dir='ltr'><strong>inclusa,</strong></span> <span class='ocrx_word' id='word_1_36' title='bbox 1219 1095 1364 1162; x_wconf 82' lang='lat' dir='ltr'><strong>antherae</strong></span> 
     </span>
     <span class='ocr_line' id='line_1_7' title="bbox 106 1183 1362 1270; baseline -0.001 -21"><span class='ocrx_word' id='word_1_37' title='bbox 106 1185 228 1252; x_wconf 87' lang='lat' dir='ltr'><strong>lineares</strong></span> <span class='ocrx_word' id='word_1_38' title='bbox 246 1185 345 1270; x_wconf 89' lang='lat' dir='ltr'><strong>paulo</strong></span> <span class='ocrx_word' id='word_1_39' title='bbox 369 1204 470 1268; x_wconf 86' lang='lat' dir='ltr'><strong>supra</strong></span> <span class='ocrx_word' id='word_1_40' title='bbox 492 1185 586 1251; x_wconf 89' lang='lat' dir='ltr'><strong>basin</strong></span> <span class='ocrx_word' id='word_1_41' title='bbox 615 1185 749 1252; x_wconf 87' lang='lat' dir='ltr'><strong>bifidam</strong></span> <span class='ocrx_word' id='word_1_42' title='bbox 772 1187 871 1253; x_wconf 91' lang='lat' dir='ltr'><strong>dorso</strong></span> <span class='ocrx_word' id='word_1_43' title='bbox 888 1185 993 1253; x_wconf 85' lang='lat' dir='ltr'><strong>aifixae</strong></span> <span class='ocrx_word' id='word_1_44' title='bbox 1010 1191 1183 1254; x_wconf 81' lang='lat' dir='ltr'><strong>extrorsae.</strong></span> <span class='ocrx_word' id='word_1_45' title='bbox 1205 1183 1362 1252; x_wconf 82' lang='lat' dir='ltr'><strong>Ovarium</strong></span> 
     </span>
     <span class='ocr_line' id='line_1_8' title="bbox 103 1273 1364 1360; baseline -0.003 -20"><span class='ocrx_word' id='word_1_46' title='bbox 103 1273 226 1341; x_wconf 87' lang='lat' dir='ltr'><strong>interum</strong></span> <span class='ocrx_word' id='word_1_47' title='bbox 254 1273 445 1341; x_wconf 90' lang='lat' dir='ltr'><strong>triloculare</strong></span> <span class='ocrx_word' id='word_1_48' title='bbox 476 1275 591 1341; x_wconf 91' lang='lat' dir='ltr'><strong>loculis</strong></span> <span class='ocrx_word' id='word_1_49' title='bbox 614 1275 856 1360; x_wconf 79' lang='lat' dir='ltr'><strong>pluriovnlatis‚</strong></span> <span class='ocrx_word' id='word_1_50' title='bbox 881 1276 990 1359; x_wconf 82' lang='lat' dir='ltr'><strong>stylus</strong></span> <span class='ocrx_word' id='word_1_51' title='bbox 1014 1275 1188 1357; x_wconf 86' lang='lat' dir='ltr'><strong>iiliiurmis,</strong></span> <span class='ocrx_word' id='word_1_52' title='bbox 1212 1274 1364 1355; x_wconf 89' lang='lat' dir='ltr'><strong>stigmata</strong></span> 
     </span>
     <span class='ocr_line' id='line_1_9' title="bbox 103 1361 1422 1448; baseline -0.001 -21"><span class='ocrx_word' id='word_1_53' title='bbox 103 1362 186 1428; x_wconf 84' lang='lat' dir='ltr'><strong>trina</strong></span> <span class='ocrx_word' id='word_1_54' title='bbox 204 1364 270 1430; x_wconf 88' lang='lat' dir='ltr'><strong>basi</strong></span> <span class='ocrx_word' id='word_1_55' title='bbox 291 1363 433 1431; x_wconf 85' lang='lat' dir='ltr'><strong>filiformi</strong></span> <span class='ocrx_word' id='word_1_56' title='bbox 450 1364 798 1448; x_wconf 84' lang='lat' dir='ltr'><strong>epathutato-cttatata.</strong></span> <span class='ocrx_word' id='word_1_57' title='bbox 816 1362 958 1448; x_wconf 84' lang='lat' dir='ltr'><strong>capsula</strong></span> <span class='ocrx_word' id='word_1_58' title='bbox 983 1363 1230 1431; x_wconf 81' lang='lat' dir='ltr'><strong>membranacea</strong></span> <span class='ocrx_word' id='word_1_59' title='bbox 1254 1361 1365 1430; x_wconf 89' lang='lat' dir='ltr'><strong>loculi·</strong></span> <span class='ocrx_word' id='word_1_60' title='bbox 1419 1437 1422 1442; x_wconf 45' lang='grc'>,</span> 
     </span>
     <span class='ocr_line' id='line_1_10' title="bbox 98 1451 1369 1537; baseline -0.001 -21"><span class='ocrx_word' id='word_1_61' title='bbox 98 1451 162 1516; x_wconf 87' lang='lat' dir='ltr'><strong>cide</strong></span> <span class='ocrx_word' id='word_1_62' title='bbox 183 1453 343 1533; x_wconf 70' lang='lat' dir='ltr'><strong>tritavia,</strong></span> <span class='ocrx_word' id='word_1_63' title='bbox 371 1452 495 1520; x_wconf 91' lang='lat' dir='ltr'><strong>semina</strong></span> <span class='ocrx_word' id='word_1_64' title='bbox 519 1454 571 1519; x_wconf 84' lang='lat' dir='ltr'><strong>vel</strong></span> <span class='ocrx_word' id='word_1_65' title='bbox 598 1470 788 1537; x_wconf 90' lang='lat' dir='ltr'><strong>compressa</strong></span> <span class='ocrx_word' id='word_1_66' title='bbox 811 1451 896 1520; x_wconf 88' lang='lat' dir='ltr'><strong>alata</strong></span> <span class='ocrx_word' id='word_1_67' title='bbox 913 1453 964 1520; x_wconf 86' lang='lat' dir='ltr'><strong>vel</strong></span> <span class='ocrx_word' id='word_1_68' title='bbox 986 1457 1097 1535; x_wconf 87' lang='lat' dir='ltr'><strong>aplera</strong></span> <span class='ocrx_word' id='word_1_69' title='bbox 1124 1451 1369 1536; x_wconf 79' lang='lat' dir='ltr'><strong>globoso-pyri·</strong></span> 
     </span>
     <span class='ocr_line' id='line_1_11' title="bbox 101 1539 1367 1624; baseline 0 -20"><span class='ocrx_word' id='word_1_70' title='bbox 101 1539 202 1607; x_wconf 90' lang='lat' dir='ltr'><strong>lormia</strong></span> <span class='ocrx_word' id='word_1_71' title='bbox 229 1541 387 1608; x_wconf 90' lang='lat' dir='ltr'><strong>deorsum</strong></span> <span class='ocrx_word' id='word_1_72' title='bbox 421 1543 589 1624; x_wconf 89' lang='lat' dir='ltr'><strong>producta.</strong></span> <span class='ocrx_word' id='word_1_73' title='bbox 617 1577 662 1592; x_wconf 88' lang='lat'>-</span> <span class='ocrx_word' id='word_1_74' title='bbox 690 1541 810 1610; x_wconf 83' lang='lat' dir='ltr'><strong>Herbae</strong></span> <span class='ocrx_word' id='word_1_75' title='bbox 836 1541 996 1622; x_wconf 78' lang='lat' dir='ltr'><strong>buibesca,</strong></span> <span class='ocrx_word' id='word_1_76' title='bbox 1022 1541 1160 1610; x_wconf 86' lang='lat' dir='ltr'><strong>floribus</strong></span> <span class='ocrx_word' id='word_1_77' title='bbox 1188 1543 1220 1606; x_wconf 95' lang='lat' dir='ltr'><strong>in</strong></span> <span class='ocrx_word' id='word_1_78' title='bbox 1250 1541 1367 1624; x_wconf 79' lang='lat' dir='ltr'><strong>spatha</strong></span> 
     </span>
     <span class='ocr_line' id='line_1_12' title="bbox 102 1629 1366 1715; baseline 0.002 -23"><span class='ocrx_word' id='word_1_79' title='bbox 102 1629 228 1713; x_wconf 81' lang='lat' dir='ltr'><strong>diphyttt</strong></span> <span class='ocrx_word' id='word_1_80' title='bbox 251 1629 410 1696; x_wconf 87' lang='lat' dir='ltr'><strong>solitariis</strong></span> <span class='ocrx_word' id='word_1_81' title='bbox 431 1630 463 1696; x_wconf 95' lang='lat' dir='ltr'><strong>in</strong></span> <span class='ocrx_word' id='word_1_82' title='bbox 486 1633 608 1715; x_wconf 91' lang='lat' dir='ltr'><strong>spicam</strong></span> <span class='ocrx_word' id='word_1_83' title='bbox 629 1631 800 1698; x_wconf 82' lang='lat' dir='ltr'><strong>distichum</strong></span> <span class='ocrx_word' id='word_1_84' title='bbox 817 1632 871 1698; x_wconf 84' lang='lat' dir='ltr'><strong>vel</strong></span> <span class='ocrx_word' id='word_1_85' title='bbox 893 1631 1070 1698; x_wconf 89' lang='lat' dir='ltr'><strong>secundam</strong></span> <span class='ocrx_word' id='word_1_86' title='bbox 1088 1631 1268 1715; x_wconf 88' lang='lat' dir='ltr'><strong>dispositis.</strong></span> <span class='ocrx_word' id='word_1_87' title='bbox 1287 1629 1366 1714; x_wconf 88' lang='lat' dir='ltr'><strong>Spe·</strong></span> 
     </span>
     <span class='ocr_line' id='line_1_13' title="bbox 100 1718 1368 1803; baseline 0.001 -21"><span class='ocrx_word' id='word_1_88' title='bbox 100 1718 156 1784; x_wconf 82' lang='lat' dir='ltr'><strong>ries</strong></span> <span class='ocrx_word' id='word_1_89' title='bbox 177 1719 418 1786; x_wconf 77' lang='lat' dir='ltr'><strong>characteribus</strong></span> <span class='ocrx_word' id='word_1_90' title='bbox 445 1739 509 1786; x_wconf 91' lang='lat' dir='ltr'><strong>non</strong></span> <span class='ocrx_word' id='word_1_91' title='bbox 535 1726 586 1786; x_wconf 91' lang='lat' dir='ltr'><strong>sal</strong></span> <span class='ocrx_word' id='word_1_92' title='bbox 605 1721 711 1786; x_wconf 85' lang='lat' dir='ltr'><strong>firmis</strong></span> <span class='ocrx_word' id='word_1_93' title='bbox 737 1721 905 1790; x_wconf 90' lang='lat' dir='ltr'><strong>interdum</strong></span> <span class='ocrx_word' id='word_1_94' title='bbox 926 1721 1087 1787; x_wconf 77' lang='lat' dir='ltr'><strong>distinctae</strong></span> <span class='ocrx_word' id='word_1_95' title='bbox 1104 1723 1137 1786; x_wconf 88' lang='lat' dir='ltr'><strong>et</strong></span> <span class='ocrx_word' id='word_1_96' title='bbox 1153 1720 1368 1803; x_wconf 90' lang='lat' dir='ltr'><strong>speciminae</strong></span> 
     </span>
     <span class='ocr_line' id='line_1_14' title="bbox 102 1808 810 1877; baseline -0.001 -4"><span class='ocrx_word' id='word_1_97' title='bbox 102 1808 173 1875; x_wconf 87' lang='lat' dir='ltr'><strong>sicco</strong></span> <span class='ocrx_word' id='word_1_98' title='bbox 192 1808 360 1876; x_wconf 85' lang='lat' dir='ltr'><strong>interdum</strong></span> <span class='ocrx_word' id='word_1_99' title='bbox 381 1828 446 1875; x_wconf 91' lang='lat' dir='ltr'><strong>non</strong></span> <span class='ocrx_word' id='word_1_100' title='bbox 465 1811 527 1877; x_wconf 87' lang='lat' dir='ltr'><strong>rite</strong></span> <span class='ocrx_word' id='word_1_101' title='bbox 548 1809 810 1877; x_wconf 89' lang='lat' dir='ltr'><strong>determinanda.</strong></span> 
     </span>
    </p>
   </div>
   <div class='ocr_carea' id='block_1_5' title="bbox 97 1989 1369 2134">
    <p class='ocr_par' dir='ltr' id='par_1_6' title="bbox 97 1989 1369 2134">
     <span class='ocr_line' id='line_1_15' title="bbox 97 1989 1369 2064; baseline 0.001 -19"><span class='ocrx_word' id='word_1_102' title='bbox 97 1989 115 2015; x_wconf 75' lang='lat'><strong>&#39;¹</strong></span> <span class='ocrx_word' id='word_1_103' title='bbox 130 1989 343 2063; x_wconf 83' lang='lat' dir='ltr'><strong>Iuaequinervii.</strong></span> <span class='ocrx_word' id='word_1_104' title='bbox 366 2022 402 2032; x_wconf 89' lang='lat'>-</span> <span class='ocrx_word' id='word_1_105' title='bbox 419 1991 576 2048; x_wconf 85' lang='lat' dir='ltr'><strong>Foliorum</strong></span> <span class='ocrx_word' id='word_1_106' title='bbox 596 1993 683 2048; x_wconf 87' lang='lat' dir='ltr'><strong>nervi</strong></span> <span class='ocrx_word' id='word_1_107' title='bbox 703 1993 869 2064; x_wconf 86' lang='lat' dir='ltr'><strong>pauciores,</strong></span> <span class='ocrx_word' id='word_1_108' title='bbox 893 1992 1089 2049; x_wconf 84' lang='lat' dir='ltr'><strong>intennedius</strong></span> <span class='ocrx_word' id='word_1_109' title='bbox 1110 1992 1222 2048; x_wconf 77' lang='lat' dir='ltr'><strong>caeteris</strong></span> <span class='ocrx_word' id='word_1_110' title='bbox 1241 1991 1369 2048; x_wconf 83' lang='lat' dir='ltr'><strong>crassior</strong></span> 
     </span>
     <span class='ocr_line' id='line_1_16' title="bbox 171 2061 1300 2134; baseline 0 -17"><span class='ocrx_word' id='word_1_111' title='bbox 171 2061 201 2117; x_wconf 89' lang='lat' dir='ltr'><strong>in</strong></span> <span class='ocrx_word' id='word_1_112' title='bbox 214 2064 301 2134; x_wconf 86' lang='lat' dir='ltr'><strong>parte</strong></span> <span class='ocrx_word' id='word_1_113' title='bbox 314 2061 448 2119; x_wconf 80' lang='lat' dir='ltr'><strong>inferiori</strong></span> <span class='ocrx_word' id='word_1_114' title='bbox 462 2063 527 2119; x_wconf 78' lang='lat' dir='ltr'><strong>folii</strong></span> <span class='ocrx_word' id='word_1_115' title='bbox 541 2063 642 2120; x_wconf 82' lang='lat' dir='ltr'><strong>subite</strong></span> <span class='ocrx_word' id='word_1_116' title='bbox 658 2065 821 2122; x_wconf 85' lang='lat' dir='ltr'><strong>inflexione</strong></span> <span class='ocrx_word' id='word_1_117' title='bbox 835 2064 964 2122; x_wconf 87' lang='lat' dir='ltr'><strong>adlatus</strong></span> <span class='ocrx_word' id='word_1_118' title='bbox 977 2065 1105 2120; x_wconf 89' lang='lat' dir='ltr'><strong>interius</strong></span> <span class='ocrx_word' id='word_1_119' title='bbox 1119 2064 1185 2120; x_wconf 81' lang='lat' dir='ltr'><strong>folii</strong></span> <span class='ocrx_word' id='word_1_120' title='bbox 1195 2062 1300 2120; x_wconf 83' lang='lat' dir='ltr'><strong>flexus.</strong></span> 
     </span>
    </p>
   </div>
   <div class='ocr_carea' id='block_1_6' title="bbox 392 2213 1073 2288">
    <p class='ocr_par' dir='ltr' id='par_1_7' title="bbox 392 2213 1073 2288">
     <span class='ocr_line' id='line_1_17' title="bbox 392 2213 1073 2288; baseline 0.001 -19"><span class='ocrx_word' id='word_1_121' title='bbox 392 2219 424 2282; x_wconf 82' lang='lat' dir='ltr'><strong>-l-</strong></span> <span class='ocrx_word' id='word_1_122' title='bbox 444 2213 567 2270; x_wconf 84' lang='lat' dir='ltr'><strong>Semina</strong></span> <span class='ocrx_word' id='word_1_123' title='bbox 580 2215 897 2288; x_wconf 81' lang='lat' dir='ltr'><strong>globoso-pyriiormia</strong></span> <span class='ocrx_word' id='word_1_124' title='bbox 911 2230 972 2272; x_wconf 92' lang='lat' dir='ltr'><strong>non</strong></span> <span class='ocrx_word' id='word_1_125' title='bbox 985 2215 1073 2272; x_wconf 86' lang='lat' dir='ltr'><strong>alata.</strong></span> 
     </span>
    </p>
   </div>
   <div class='ocr_carea' id='block_1_7' title="bbox 92 2362 1376 3691">
    <p class='ocr_par' dir='ltr' id='par_1_8' title="bbox 92 2362 1375 3518">
     <span class='ocr_line' id='line_1_18' title="bbox 136 2362 1371 2450; baseline 0.002 -20"><span class='ocrx_word' id='word_1_126' title='bbox 136 2366 228 2432; x_wconf 77' lang='lat' dir='ltr'><strong>hG.</strong></span> <span class='ocrx_word' id='word_1_127' title='bbox 256 2367 466 2450; x_wconf 72' lang='lat' dir='ltr'><strong>segetum</strong></span> <span class='ocrx_word' id='word_1_128' title='bbox 488 2362 593 2430; x_wconf 82' lang='lat' dir='ltr'><strong>Gaul.</strong></span> <span class='ocrx_word' id='word_1_129' title='bbox 627 2363 700 2432; x_wconf 88' lang='lat' dir='ltr'><strong>But.</strong></span> <span class='ocrx_word' id='word_1_130' title='bbox 734 2365 815 2450; x_wconf 86' lang='lat' dir='ltr'><strong>Mag.</strong></span> <span class='ocrx_word' id='word_1_131' title='bbox 847 2366 912 2432; x_wconf 88' lang='lat' dir='ltr'><strong>tab.</strong></span> <span class='ocrx_word' id='word_1_132' title='bbox 942 2365 1021 2450; x_wconf 77' lang='lat' dir='ltr'><strong>tte)</strong></span> <span class='ocrx_word' id='word_1_133' title='bbox 1048 2366 1156 2449; x_wconf 83' lang='lat' dir='ltr'><strong>(libris</strong></span> <span class='ocrx_word' id='word_1_134' title='bbox 1182 2367 1371 2434; x_wconf 90' lang='lat' dir='ltr'><strong>tunicarum</strong></span> 
     </span>
     <span class='ocr_line' id='line_1_19' title="bbox 100 2452 1368 2538; baseline 0.005 -23"><span class='ocrx_word' id='word_1_135' title='bbox 100 2452 278 2519; x_wconf 88' lang='lat' dir='ltr'><strong>mdicalium</strong></span> <span class='ocrx_word' id='word_1_136' title='bbox 299 2453 710 2536; x_wconf 87' lang='lat' dir='ltr'><strong>parallelisvalidiusculis</strong></span> <span class='ocrx_word' id='word_1_137' title='bbox 732 2471 880 2538; x_wconf 85' lang='lat' dir='ltr'><strong>superne</strong></span> <span class='ocrx_word' id='word_1_138' title='bbox 906 2455 1227 2522; x_wconf 88' lang='lat' dir='ltr'><strong>anastomosantibns</strong></span> <span class='ocrx_word' id='word_1_139' title='bbox 1247 2456 1368 2522; x_wconf 87' lang='lat' dir='ltr'><strong>areolis</strong></span> 
     </span>
     <span class='ocr_line' id='line_1_20' title="bbox 92 2541 1373 2628; baseline 0.003 -22"><span class='ocrx_word' id='word_1_140' title='bbox 92 2541 246 2624; x_wconf 85' lang='lat' dir='ltr'><strong>oblongis,</strong></span> <span class='ocrx_word' id='word_1_141' title='bbox 267 2542 391 2609; x_wconf 86' lang='lat' dir='ltr'><strong>florum</strong></span> <span class='ocrx_word' id='word_1_142' title='bbox 415 2543 506 2626; x_wconf 79' lang='lat' dir='ltr'><strong>spica</strong></span> <span class='ocrx_word' id='word_1_143' title='bbox 527 2544 598 2610; x_wconf 82' lang='lat' dir='ltr'><strong>taxa</strong></span> <span class='ocrx_word' id='word_1_144' title='bbox 616 2543 830 2611; x_wconf 81' lang='lat' dir='ltr'><strong>subfleruosri</strong></span> <span class='ocrx_word' id='word_1_145' title='bbox 849 2545 989 2612; x_wconf 81' lang='lat' dir='ltr'><strong>disticha</strong></span> <span class='ocrx_word' id='word_1_146' title='bbox 1009 2544 1273 2624; x_wconf 88' lang='lat' dir='ltr'><strong>subnnilaterali‚</strong></span> <span class='ocrx_word' id='word_1_147' title='bbox 1298 2563 1373 2628; x_wconf 90' lang='lat' dir='ltr'><strong>spa·</strong></span> 
     </span>
     <span class='ocr_line' id='line_1_21' title="bbox 99 2629 1371 2718; baseline 0.006 -25"><span class='ocrx_word' id='word_1_148' title='bbox 99 2630 151 2695; x_wconf 82' lang='lat' dir='ltr'><strong>the</strong></span> <span class='ocrx_word' id='word_1_149' title='bbox 169 2632 275 2696; x_wconf 87' lang='lat' dir='ltr'><strong>valvis</strong></span> <span class='ocrx_word' id='word_1_150' title='bbox 291 2629 480 2699; x_wconf 87' lang='lat' dir='ltr'><strong>lanceolatis</strong></span> <span class='ocrx_word' id='word_1_151' title='bbox 498 2633 594 2698; x_wconf 84' lang='lat' dir='ltr'><strong>valde</strong></span> <span class='ocrx_word' id='word_1_152' title='bbox 609 2633 829 2718; x_wconf 83' lang='lat' dir='ltr'><strong>inaequalibus</strong></span> <span class='ocrx_word' id='word_1_153' title='bbox 853 2633 1009 2701; x_wconf 79' lang='lat' dir='ltr'><strong>inferiore</strong></span> <span class='ocrx_word' id='word_1_154' title='bbox 1028 2635 1060 2699; x_wconf 92' lang='lat' dir='ltr'><strong>in</strong></span> <span class='ocrx_word' id='word_1_155' title='bbox 1079 2631 1217 2700; x_wconf 87' lang='lat' dir='ltr'><strong>floribus</strong></span> <span class='ocrx_word' id='word_1_156' title='bbox 1238 2633 1371 2701; x_wconf 81' lang='lat' dir='ltr'><strong>inferio·</strong></span> 
     </span>
     <span class='ocr_line' id='line_1_22' title="bbox 98 2719 1371 2806; baseline 0.005 -23"><span class='ocrx_word' id='word_1_157' title='bbox 98 2719 180 2786; x_wconf 93' lang='lat' dir='ltr'><strong>ribns</strong></span> <span class='ocrx_word' id='word_1_158' title='bbox 198 2720 408 2804; x_wconf 86' lang='lat' dir='ltr'><strong>perigenium</strong></span> <span class='ocrx_word' id='word_1_159' title='bbox 420 2739 508 2805; x_wconf 85' lang='lat' dir='ltr'><strong>saepe</strong></span> <span class='ocrx_word' id='word_1_160' title='bbox 524 2729 686 2806; x_wconf 77' lang='lat' dir='ltr'><strong>equanto,</strong></span> <span class='ocrx_word' id='word_1_161' title='bbox 706 2723 867 2805; x_wconf 87' lang='lat' dir='ltr'><strong>perigenii</strong></span> <span class='ocrx_word' id='word_1_162' title='bbox 889 2722 966 2790; x_wconf 91' lang='lat' dir='ltr'><strong>tubo</strong></span> <span class='ocrx_word' id='word_1_163' title='bbox 987 2723 1080 2789; x_wconf 86' lang='lat' dir='ltr'><strong>brevi</strong></span> <span class='ocrx_word' id='word_1_164' title='bbox 1098 2740 1215 2806; x_wconf 90' lang='lat' dir='ltr'><strong>parurn</strong></span> <span class='ocrx_word' id='word_1_165' title='bbox 1233 2722 1371 2789; x_wconf 81' lang='lat' dir='ltr'><strong>incuruo</strong></span> 
     </span>
     <span class='ocr_line' id='line_1_23' title="bbox 99 2807 1371 2894; baseline 0.006 -24"><span class='ocrx_word' id='word_1_166' title='bbox 99 2807 200 2875; x_wconf 81' lang='lat' dir='ltr'><strong>lacinia</strong></span> <span class='ocrx_word' id='word_1_167' title='bbox 231 2811 409 2892; x_wconf 90' lang='lat' dir='ltr'><strong>superiore</strong></span> <span class='ocrx_word' id='word_1_168' title='bbox 438 2809 584 2893; x_wconf 82' lang='lat' dir='ltr'><strong>longiore</strong></span> <span class='ocrx_word' id='word_1_169' title='bbox 608 2817 641 2877; x_wconf 89' lang='lat' dir='ltr'><strong>et</strong></span> <span class='ocrx_word' id='word_1_170' title='bbox 668 2811 782 2877; x_wconf 89' lang='lat' dir='ltr'><strong>latiore</strong></span> <span class='ocrx_word' id='word_1_171' title='bbox 808 2832 826 2878; x_wconf 94' lang='lat' dir='ltr'><strong>a</strong></span> <span class='ocrx_word' id='word_1_172' title='bbox 846 2811 1038 2880; x_wconf 88' lang='lat' dir='ltr'><strong>lateralibus</strong></span> <span class='ocrx_word' id='word_1_173' title='bbox 1061 2812 1205 2894; x_wconf 78' lang='lat' dir='ltr'><strong>recessa,</strong></span> <span class='ocrx_word' id='word_1_174' title='bbox 1224 2812 1371 2880; x_wconf 86' lang='lat' dir='ltr'><strong>antheris</strong></span> 
     </span>
     <span class='ocr_line' id='line_1_24' title="bbox 97 2895 1373 2983; baseline 0.005 -22"><span class='ocrx_word' id='word_1_175' title='bbox 97 2895 250 2965; x_wconf 86' lang='lat' dir='ltr'><strong>filamentc</strong></span> <span class='ocrx_word' id='word_1_176' title='bbox 280 2897 562 2982; x_wconf 87' lang='lat' dir='ltr'><strong>sublongioribus‚</strong></span> <span class='ocrx_word' id='word_1_177' title='bbox 590 2900 799 2981; x_wconf 84' lang='lat' dir='ltr'><strong>stigmatibus</strong></span> <span class='ocrx_word' id='word_1_178' title='bbox 832 2921 850 2967; x_wconf 91' lang='lat' dir='ltr'><strong>a</strong></span> <span class='ocrx_word' id='word_1_179' title='bbox 879 2903 949 2968; x_wconf 90' lang='lat' dir='ltr'><strong>basi</strong></span> <span class='ocrx_word' id='word_1_180' title='bbox 981 2902 1021 2967; x_wconf 93' lang='lat' dir='ltr'><strong>ad</strong></span> <span class='ocrx_word' id='word_1_181' title='bbox 1050 2899 1196 2967; x_wconf 88' lang='lat' dir='ltr'><strong>medinm</strong></span> <span class='ocrx_word' id='word_1_182' title='bbox 1225 2903 1373 2983; x_wconf 86' lang='lat' dir='ltr'><strong>angustis</strong></span> 
     </span>
     <span class='ocr_line' id='line_1_25' title="bbox 94 2987 1373 3076; baseline 0.004 -25"><span class='ocrx_word' id='word_1_183' title='bbox 94 2987 209 3053; x_wconf 86' lang='lat' dir='ltr'><strong>sensim</strong></span> <span class='ocrx_word' id='word_1_184' title='bbox 226 2989 260 3053; x_wconf 94' lang='lat' dir='ltr'><strong>in</strong></span> <span class='ocrx_word' id='word_1_185' title='bbox 280 2988 432 3054; x_wconf 90' lang='lat' dir='ltr'><strong>laminam</strong></span> <span class='ocrx_word' id='word_1_186' title='bbox 448 2989 621 3072; x_wconf 87' lang='lat' dir='ltr'><strong>oblongam</strong></span> <span class='ocrx_word' id='word_1_187' title='bbox 646 2987 800 3072; x_wconf 86' lang='lat' dir='ltr'><strong>dilatatis,</strong></span> <span class='ocrx_word' id='word_1_188' title='bbox 817 2991 952 3076; x_wconf 82' lang='lat' dir='ltr'><strong>capsula</strong></span> <span class='ocrx_word' id='word_1_189' title='bbox 976 2987 1266 3072; x_wconf 75' lang='lat' dir='ltr'><strong>globoso-eborata</strong></span> <span class='ocrx_word' id='word_1_190' title='bbox 1283 2991 1373 3074; x_wconf 87' lang='lat' dir='ltr'><strong>apice</strong></span> 
     </span>
     <span class='ocr_line' id='line_1_26' title="bbox 98 3073 1371 3160; baseline 0.006 -22"><span class='ocrx_word' id='word_1_191' title='bbox 98 3073 249 3158; x_wconf 81' lang='lat' dir='ltr'><strong>impressa</strong></span> <span class='ocrx_word' id='word_1_192' title='bbox 270 3077 409 3143; x_wconf 81' lang='lat' dir='ltr'><strong>trisulca</strong></span> <span class='ocrx_word' id='word_1_193' title='bbox 424 3075 541 3145; x_wconf 88' lang='lat' dir='ltr'><strong>obtuse</strong></span> <span class='ocrx_word' id='word_1_194' title='bbox 565 3079 704 3160; x_wconf 77' lang='lat' dir='ltr'><strong>trigona,</strong></span> <span class='ocrx_word' id='word_1_195' title='bbox 722 3079 905 3148; x_wconf 89' lang='lat' dir='ltr'><strong>seminibus</strong></span> <span class='ocrx_word' id='word_1_196' title='bbox 922 3077 1253 3160; x_wconf 86' lang='lat' dir='ltr'><strong>globoso-turbinatis</strong></span> <span class='ocrx_word' id='word_1_197' title='bbox 1277 3078 1371 3146; x_wconf 89' lang='lat' dir='ltr'><strong>deor·</strong></span> 
     </span>
     <span class='ocr_line' id='line_1_27' title="bbox 100 3165 1372 3253; baseline 0.004 -27"><span class='ocrx_word' id='word_1_198' title='bbox 100 3181 161 3229; x_wconf 88' lang='lat' dir='ltr'><strong>snm</strong></span> <span class='ocrx_word' id='word_1_199' title='bbox 181 3167 356 3250; x_wconf 90' lang='lat' dir='ltr'><strong>productis</strong></span> <span class='ocrx_word' id='word_1_200' title='bbox 376 3183 440 3232; x_wconf 91' lang='lat' dir='ltr'><strong>non</strong></span> <span class='ocrx_word' id='word_1_201' title='bbox 458 3166 552 3233; x_wconf 88' lang='lat' dir='ltr'><strong>alatis</strong></span> <span class='ocrx_word' id='word_1_202' title='bbox 579 3166 743 3244; x_wconf 59' lang='lat' dir='ltr'><strong>nuent.</strong></span> <span class='ocrx_word' id='word_1_203' title='bbox 758 3165 871 3234; x_wconf 86' lang='lat' dir='ltr'><strong>Germ.</strong></span> <span class='ocrx_word' id='word_1_204' title='bbox 889 3169 941 3253; x_wconf 84' lang='lat' dir='ltr'><strong>fig.</strong></span> <span class='ocrx_word' id='word_1_205' title='bbox 958 3166 1091 3237; x_wconf 78' lang='lat' dir='ltr'><strong>ten-u.</strong></span> <span class='ocrx_word' id='word_1_206' title='bbox 1108 3167 1247 3234; x_wconf 84' lang='lat' dir='ltr'><strong>Italicus</strong></span> <span class='ocrx_word' id='word_1_207' title='bbox 1265 3165 1372 3234; x_wconf 78' lang='lat' dir='ltr'><strong>sanc</strong></span> 
     </span>
     <span class='ocr_line' id='line_1_28' title="bbox 98 3249 1375 3339; baseline 0.004 -22"><span class='ocrx_word' id='word_1_208' title='bbox 98 3249 180 3320; x_wconf 78' lang='lat' dir='ltr'><strong>Helu.</strong></span> <span class='ocrx_word' id='word_1_209' title='bbox 200 3254 226 3332; x_wconf 87' lang='grc' dir='ltr'><strong>Ι,</strong></span> <span class='ocrx_word' id='word_1_210' title='bbox 243 3275 277 3339; x_wconf 90' lang='lat' dir='ltr'><strong>p.</strong></span> <span class='ocrx_word' id='word_1_211' title='bbox 296 3257 349 3321; x_wconf 84' lang='lat' dir='ltr'><strong>es.</strong></span> <span class='ocrx_word' id='word_1_212' title='bbox 365 3291 408 3305; x_wconf 95' lang='lat'>-</span> <span class='ocrx_word' id='word_1_213' title='bbox 425 3255 461 3322; x_wconf 78' lang='lat' dir='ltr'><strong>G.</strong></span> <span class='ocrx_word' id='word_1_214' title='bbox 479 3255 657 3322; x_wconf 81' lang='lat' dir='ltr'><strong>Ludooicoe</strong></span> <span class='ocrx_word' id='word_1_215' title='bbox 668 3253 797 3324; x_wconf 78' lang='lat' dir='ltr'><strong>lan-G.</strong></span> <span class='ocrx_word' id='word_1_216' title='bbox 816 3257 1015 3324; x_wconf 82' lang='lat' dir='ltr'><strong>Goncnslcns</strong></span> <span class='ocrx_word' id='word_1_217' title='bbox 1030 3257 1132 3322; x_wconf 90' lang='lat' dir='ltr'><strong>Herb.</strong></span> <span class='ocrx_word' id='word_1_218' title='bbox 1149 3255 1220 3324; x_wconf 91' lang='lat' dir='ltr'><strong>Bot.</strong></span> <span class='ocrx_word' id='word_1_219' title='bbox 1237 3255 1375 3334; x_wconf 81' lang='lat' dir='ltr'>XXVII,</span> 
     </span>
     <span class='ocr_line' id='line_1_29' title="bbox 98 3341 1374 3429; baseline 0.002 -21"><span class='ocrx_word' id='word_1_220' title='bbox 98 3341 176 3409; x_wconf 87' lang='lat' dir='ltr'><strong>blisc.</strong></span> <span class='ocrx_word' id='word_1_221' title='bbox 221 3348 266 3412; x_wconf 87' lang='grc'><strong>65</strong></span> <span class='ocrx_word' id='word_1_222' title='bbox 306 3363 347 3411; x_wconf 84' lang='lat' dir='ltr'><strong>er</strong></span> <span class='ocrx_word' id='word_1_223' title='bbox 371 3344 525 3429; x_wconf 88' lang='lat' dir='ltr'><strong>descript.</strong></span> <span class='ocrx_word' id='word_1_224' title='bbox 565 3381 599 3394; x_wconf 89' lang='lat'>-</span> <span class='ocrx_word' id='word_1_225' title='bbox 621 3345 660 3412; x_wconf 82' lang='lat' dir='ltr'><strong>G.</strong></span> <span class='ocrx_word' id='word_1_226' title='bbox 697 3345 882 3412; x_wconf 79' lang='lat' dir='ltr'><strong>communia</strong></span> <span class='ocrx_word' id='word_1_227' title='bbox 911 3345 958 3411; x_wconf 75' lang='lat' dir='ltr'><strong>iil.</strong></span> <span class='ocrx_word' id='word_1_228' title='bbox 991 3343 1096 3414; x_wconf 85' lang='lat' dir='ltr'><strong>Graec.</strong></span> <span class='ocrx_word' id='word_1_229' title='bbox 1125 3345 1190 3410; x_wconf 90' lang='lat' dir='ltr'><strong>tab.</strong></span> <span class='ocrx_word' id='word_1_230' title='bbox 1220 3347 1260 3412; x_wconf 82' lang='lat' dir='ltr'><strong>st</strong></span> <span class='ocrx_word' id='word_1_231' title='bbox 1288 3367 1305 3413; x_wconf 88' lang='lat' dir='ltr'><strong>a</strong></span> <span class='ocrx_word' id='word_1_232' title='bbox 1336 3348 1374 3412; x_wconf 94' lang='lat' dir='ltr'><strong>cl.</strong></span> 
     </span>
     <span class='ocr_line' id='line_1_30' title="bbox 99 3427 1117 3518; baseline 0.006 -24"><span class='ocrx_word' id='word_1_233' title='bbox 99 3427 240 3499; x_wconf 85' lang='lat' dir='ltr'><strong>Gossone</strong></span> <span class='ocrx_word' id='word_1_234' title='bbox 257 3434 300 3500; x_wconf 89' lang='lat' dir='ltr'><strong>ad</strong></span> <span class='ocrx_word' id='word_1_235' title='bbox 317 3432 353 3498; x_wconf 81' lang='lat' dir='ltr'><strong>G.</strong></span> <span class='ocrx_word' id='word_1_236' title='bbox 371 3431 509 3499; x_wconf 85' lang='lat' dir='ltr'><strong>dubium</strong></span> <span class='ocrx_word' id='word_1_237' title='bbox 525 3453 623 3502; x_wconf 87' lang='lat' dir='ltr'><strong>soum</strong></span> <span class='ocrx_word' id='word_1_238' title='bbox 643 3435 768 3503; x_wconf 89' lang='lat' dir='ltr'><strong>relatos</strong></span> <span class='ocrx_word' id='word_1_239' title='bbox 785 3435 861 3502; x_wconf 89' lang='lat' dir='ltr'><strong>huic</strong></span> <span class='ocrx_word' id='word_1_240' title='bbox 876 3439 965 3502; x_wconf 88' lang='lat' dir='ltr'><strong>certe</strong></span> <span class='ocrx_word' id='word_1_241' title='bbox 979 3439 1117 3518; x_wconf 88' lang='lat' dir='ltr'><strong>spectat.</strong></span> 
     </span>
    </p>

    <p class='ocr_par' dir='ltr' id='par_1_9' title="bbox 94 3544 1376 3691">
     <span class='ocr_line' id='line_1_31' title="bbox 128 3544 1374 3619; baseline 0.003 -20"><span class='ocrx_word' id='word_1_242' title='bbox 128 3544 199 3602; x_wconf 87' lang='lat' dir='ltr'><strong>Hab.</strong></span> <span class='ocrx_word' id='word_1_243' title='bbox 214 3548 249 3603; x_wconf 93' lang='lat' dir='ltr'><strong>in</strong></span> <span class='ocrx_word' id='word_1_244' title='bbox 264 3546 352 3602; x_wconf 89' lang='lat' dir='ltr'><strong>cultis</strong></span> <span class='ocrx_word' id='word_1_245' title='bbox 372 3547 451 3602; x_wconf 87' lang='lat' dir='ltr'><strong>inter</strong></span> <span class='ocrx_word' id='word_1_246' title='bbox 462 3551 578 3619; x_wconf 86' lang='lat' dir='ltr'><strong>segetes</strong></span> <span class='ocrx_word' id='word_1_247' title='bbox 598 3549 689 3604; x_wconf 90' lang='lat' dir='ltr'><strong>totius</strong></span> <span class='ocrx_word' id='word_1_248' title='bbox 705 3548 829 3606; x_wconf 88' lang='lat' dir='ltr'><strong>ditionis</strong></span> <span class='ocrx_word' id='word_1_249' title='bbox 839 3564 857 3604; x_wconf 90' lang='lat' dir='ltr'><strong>c</strong></span> <span class='ocrx_word' id='word_1_250' title='bbox 869 3547 1000 3604; x_wconf 77' lang='lat' dir='ltr'><strong>Graecia!</strong></span> <span class='ocrx_word' id='word_1_251' title='bbox 1014 3551 1044 3604; x_wconf 90' lang='lat' dir='ltr'><strong>et</strong></span> <span class='ocrx_word' id='word_1_252' title='bbox 1057 3549 1121 3619; x_wconf 91' lang='lat' dir='ltr'><strong>ejus</strong></span> <span class='ocrx_word' id='word_1_253' title='bbox 1137 3546 1257 3603; x_wconf 89' lang='lat' dir='ltr'><strong>insulisl</strong></span> <span class='ocrx_word' id='word_1_254' title='bbox 1276 3548 1374 3604; x_wconf 88' lang='lat' dir='ltr'><strong>Maee-</strong></span> 
     </span>
     <span class='ocr_line' id='line_1_32' title="bbox 94 3614 1376 3691; baseline 0.005 -22"><span class='ocrx_word' id='word_1_255' title='bbox 94 3614 178 3672; x_wconf 80' lang='lat' dir='ltr'><strong>aonia</strong></span> <span class='ocrx_word' id='word_1_256' title='bbox 189 3621 221 3674; x_wconf 87' lang='lat' dir='ltr'><strong>et</strong></span> <span class='ocrx_word' id='word_1_257' title='bbox 232 3617 392 3690; x_wconf 82' lang='lat' dir='ltr'><strong>Thraciat)</strong></span> <span class='ocrx_word' id='word_1_258' title='bbox 403 3618 441 3674; x_wconf 90' lang='lat' dir='ltr'><strong>ad</strong></span> <span class='ocrx_word' id='word_1_259' title='bbox 456 3618 576 3690; x_wconf 81' lang='lat' dir='ltr'><strong>Syriam</strong></span> <span class='ocrx_word' id='word_1_260' title='bbox 585 3619 756 3676; x_wconf 87' lang='lat' dir='ltr'><strong>interiorem</strong></span> <span class='ocrx_word' id='word_1_261' title='bbox 770 3623 799 3676; x_wconf 88' lang='lat' dir='ltr'><strong>et</strong></span> <span class='ocrx_word' id='word_1_262' title='bbox 811 3619 989 3675; x_wconf 86' lang='lat' dir='ltr'><strong>maritimam</strong></span> <span class='ocrx_word' id='word_1_263' title='bbox 998 3621 1014 3689; x_wconf 89' lang='lat' dir='ltr'><strong>t,</strong></span> <span class='ocrx_word' id='word_1_264' title='bbox 1027 3619 1193 3691; x_wconf 84' lang='lat' dir='ltr'><strong>AEgyplum</strong></span> <span class='ocrx_word' id='word_1_265' title='bbox 1206 3621 1376 3675; x_wconf 82' lang='lat' dir='ltr'><strong>inferiorem</strong></span> 
     </span>
    </p>
   </div>
   <div class='ocr_carea' id='block_1_8' title="bbox 98 3689 1376 3834">
    <p class='ocr_par' dir='ltr' id='par_1_10' title="bbox 98 3689 1376 3834">
     <span class='ocr_line' id='line_1_33' title="bbox 98 3689 1376 3811; baseline 0.002 -68"><span class='ocrx_word' id='word_1_266' title='bbox 98 3701 178 3811; x_wconf 64' lang='lat' dir='ltr'><strong>prope</strong></span> <span class='ocrx_word' id='word_1_267' title='bbox 190 3689 410 3746; x_wconf 82' lang='lat' dir='ltr'><strong>Alexandriam</strong></span> <span class='ocrx_word' id='word_1_268' title='bbox 425 3691 570 3758; x_wconf 85' lang='lat' dir='ltr'><strong>[Letourn</strong></span> <span class='ocrx_word' id='word_1_269' title='bbox 582 3693 611 3760; x_wconf 83' lang='lat' dir='ltr'><strong>t),</strong></span> <span class='ocrx_word' id='word_1_270' title='bbox 624 3691 768 3746; x_wconf 86' lang='lat' dir='ltr'><strong>Tauriam</strong></span> <span class='ocrx_word' id='word_1_271' title='bbox 779 3693 808 3746; x_wconf 90' lang='lat' dir='ltr'><strong>at</strong></span> <span class='ocrx_word' id='word_1_272' title='bbox 818 3706 903 3775; x_wconf 65' lang='lat' dir='ltr'><strong>pros.</strong></span> <span class='ocrx_word' id='word_1_273' title='bbox 914 3691 1106 3746; x_wconf 85' lang='lat' dir='ltr'><strong>Caucasicast</strong></span> <span class='ocrx_word' id='word_1_274' title='bbox 1127 3691 1259 3746; x_wconf 80' lang='lat' dir='ltr'><strong>Persium</strong></span> <span class='ocrx_word' id='word_1_275' title='bbox 1271 3691 1376 3746; x_wconf 86' lang='lat' dir='ltr'><strong>borea-</strong></span> 
     </span>
     <span class='ocr_line' id='line_1_34' title="bbox 109 3760 1137 3834; baseline 0.004 -22"><span class='ocrx_word' id='word_1_276' title='bbox 109 3772 150 3813; x_wconf 88' lang='lat' dir='ltr'><strong>em</strong></span> <span class='ocrx_word' id='word_1_277' title='bbox 161 3760 224 3832; x_wconf 75' lang='lat' dir='ltr'><strong>(ily</strong></span> <span class='ocrx_word' id='word_1_278' title='bbox 240 3760 326 3831; x_wconf 76' lang='lat'>2421)</span> <span class='ocrx_word' id='word_1_279' title='bbox 338 3765 368 3818; x_wconf 84' lang='lat' dir='ltr'><strong>at</strong></span> <span class='ocrx_word' id='word_1_280' title='bbox 383 3761 544 3818; x_wconf 85' lang='lat' dir='ltr'><strong>australem</strong></span> <span class='ocrx_word' id='word_1_281' title='bbox 557 3761 636 3820; x_wconf 88' lang='lat' dir='ltr'><strong>inter</strong></span> <span class='ocrx_word' id='word_1_282' title='bbox 647 3761 778 3834; x_wconf 88' lang='lat' dir='ltr'><strong>ispahan</strong></span> <span class='ocrx_word' id='word_1_283' title='bbox 788 3764 818 3818; x_wconf 88' lang='lat' dir='ltr'><strong>et</strong></span> <span class='ocrx_word' id='word_1_284' title='bbox 831 3762 950 3818; x_wconf 83' lang='lat' dir='ltr'><strong>Schrraz</strong></span> <span class='ocrx_word' id='word_1_285' title='bbox 963 3761 1137 3832; x_wconf 70' lang='lat' dir='ltr'><strong>(Hausskh.</strong></span> 
     </span>
    </p>
   </div>
   <div class='ocr_carea' id='block_1_9' title="bbox 125 3853 1376 3985">
    <p class='ocr_par' dir='ltr' id='par_1_11' title="bbox 125 3853 1376 3985">
     <span class='ocr_line' id='line_1_35' title="bbox 125 3853 1376 3985; baseline 0 -74"><span class='ocrx_word' id='word_1_286' title='bbox 125 3853 233 3913; x_wconf 83' lang='lat' dir='ltr'><strong>Forma</strong></span> <span class='ocrx_word' id='word_1_287' title='bbox 260 3859 417 3985; x_wconf 55' lang='lat' dir='ltr'><strong>perigenio</strong></span> <span class='ocrx_word' id='word_1_288' title='bbox 436 3857 571 3915; x_wconf 82' lang='lat' dir='ltr'><strong>abortire</strong></span> <span class='ocrx_word' id='word_1_289' title='bbox 587 3858 745 3928; x_wconf 89' lang='lat' dir='ltr'><strong>diminuto,</strong></span> <span class='ocrx_word' id='word_1_290' title='bbox 761 3856 796 3916; x_wconf 85' lang='grc' dir='ltr'><strong>θ.</strong></span> <span class='ocrx_word' id='word_1_291' title='bbox 811 3856 942 3931; x_wconf 81' lang='lat' dir='ltr'><strong>Ouepini</strong></span> <span class='ocrx_word' id='word_1_292' title='bbox 958 3857 1044 3914; x_wconf 92' lang='lat' dir='ltr'><strong>Koch</strong></span> <span class='ocrx_word' id='word_1_293' title='bbox 1058 3858 1090 3912; x_wconf 88' lang='lat' dir='ltr'><strong>iu</strong></span> <span class='ocrx_word' id='word_1_294' title='bbox 1104 3856 1193 3914; x_wconf 86' lang='lat' dir='ltr'><strong>cultis</strong></span> <span class='ocrx_word' id='word_1_295' title='bbox 1212 3856 1251 3912; x_wconf 88' lang='lat' dir='ltr'><strong>ad</strong></span> <span class='ocrx_word' id='word_1_296' title='bbox 1263 3856 1376 3913; x_wconf 90' lang='lat' dir='ltr'><strong>Mariut</strong></span> 
     </span>
    </p>
   </div>
   <div class='ocr_carea' id='block_1_10' title="bbox 96 3928 805 4001">
    <p class='ocr_par' dir='ltr' id='par_1_12' title="bbox 96 3928 805 4001">
     <span class='ocr_line' id='line_1_36' title="bbox 96 3928 805 4001; baseline 0 -19"><span class='ocrx_word' id='word_1_297' title='bbox 96 3939 182 3999; x_wconf 83' lang='lat' dir='ltr'><strong>prope</strong></span> <span class='ocrx_word' id='word_1_298' title='bbox 197 3928 319 3986; x_wconf 82' lang='lat' dir='ltr'><strong>Alexan</strong></span> <span class='ocrx_word' id='word_1_299' title='bbox 342 3929 418 3985; x_wconf 84' lang='lat' dir='ltr'><strong>riam</strong></span> <span class='ocrx_word' id='word_1_300' title='bbox 432 3929 482 4000; x_wconf 88' lang='lat' dir='ltr'><strong>(cl.</strong></span> <span class='ocrx_word' id='word_1_301' title='bbox 498 3930 635 4001; x_wconf 85' lang='lat' dir='ltr'><strong>Plantat)</strong></span> <span class='ocrx_word' id='word_1_302' title='bbox 648 3929 726 3985; x_wconf 88' lang='lat' dir='ltr'><strong>lecta</strong></span> <span class='ocrx_word' id='word_1_303' title='bbox 739 3928 805 3986; x_wconf 87' lang='lat' dir='ltr'><strong>fuit.</strong></span> 
     </span>
    </p>
   </div>
   <div class='ocr_carea' id='block_1_11' title="bbox 103 4023 1380 4154">
    <p class='ocr_par' dir='ltr' id='par_1_13' title="bbox 103 4023 1380 4154">
     <span class='ocr_line' id='line_1_37' title="bbox 127 4023 1380 4099; baseline -0.001 -17"><span class='ocrx_word' id='word_1_304' title='bbox 127 4024 173 4082; x_wconf 74' lang='lat' dir='ltr'><strong>dr.</strong></span> <span class='ocrx_word' id='word_1_305' title='bbox 187 4027 298 4097; x_wconf 71' lang='lat' dir='ltr'><strong>sacar.</strong></span> <span class='ocrx_word' id='word_1_306' title='bbox 317 4027 411 4098; x_wconf 79' lang='lat' dir='ltr'><strong>Regio</strong></span> <span class='ocrx_word' id='word_1_307' title='bbox 426 4027 645 4084; x_wconf 86' lang='lat' dir='ltr'><strong>mediterranea</strong></span> <span class='ocrx_word' id='word_1_308' title='bbox 667 4028 759 4083; x_wconf 87' lang='lat' dir='ltr'><strong>totins</strong></span> <span class='ocrx_word' id='word_1_309' title='bbox 779 4025 907 4099; x_wconf 82' lang='lat' dir='ltr'><strong>Europae</strong></span> <span class='ocrx_word' id='word_1_310' title='bbox 921 4027 951 4082; x_wconf 89' lang='lat' dir='ltr'><strong>et</strong></span> <span class='ocrx_word' id='word_1_311' title='bbox 962 4025 1071 4081; x_wconf 79' lang='lat' dir='ltr'><strong>Africae</strong></span> <span class='ocrx_word' id='word_1_312' title='bbox 1085 4024 1223 4082; x_wconf 88' lang='lat' dir='ltr'><strong>borealis.</strong></span> <span class='ocrx_word' id='word_1_313' title='bbox 1243 4023 1380 4081; x_wconf 64' lang='lat' dir='ltr'><strong>Medera,</strong></span> 
     </span>
     <span class='ocr_line' id='line_1_38' title="bbox 103 4094 419 4154; baseline 0 -1"><span class='ocrx_word' id='word_1_314' title='bbox 103 4094 200 4153; x_wconf 87' lang='lat' dir='ltr'><strong>&#39;tttsulae</strong></span> <span class='ocrx_word' id='word_1_315' title='bbox 210 4098 419 4154; x_wconf 86' lang='lat' dir='ltr'><strong>Canarienses.</strong></span> 
     </span>
    </p>
   </div>
   <div class='ocr_carea' id='block_1_12' title="bbox 481 4241 995 4315">
    <p class='ocr_par' dir='ltr' id='par_1_14' title="bbox 481 4241 995 4315">
     <span class='ocr_line' id='line_1_39' title="bbox 481 4241 995 4315; baseline -0.006 -14"><span class='ocrx_word' id='word_1_316' title='bbox 481 4247 514 4312; x_wconf 59' lang='grc'><strong>4-</strong></span> <span class='ocrx_word' id='word_1_317' title='bbox 537 4253 564 4306; x_wconf 87' lang='lat'><strong>&gt;&lt;</strong></span> <span class='ocrx_word' id='word_1_318' title='bbox 586 4241 707 4300; x_wconf 86' lang='lat' dir='ltr'><strong>Semina</strong></span> <span class='ocrx_word' id='word_1_319' title='bbox 721 4257 894 4315; x_wconf 86' lang='lat' dir='ltr'><strong>compressa</strong></span> <span class='ocrx_word' id='word_1_320' title='bbox 905 4241 995 4298; x_wconf 88' lang='lat' dir='ltr'><strong>alata.</strong></span> 
     </span>
    </p>
   </div>
   <div class='ocr_carea' id='block_1_13' title="bbox 96 4374 1378 4552">
    <p class='ocr_par' dir='ltr' id='par_1_15' title="bbox 96 4374 1378 4552">
     <span class='ocr_line' id='line_1_40' title="bbox 137 4374 1378 4464; baseline -0.005 -19"><span class='ocrx_word' id='word_1_321' title='bbox 137 4381 165 4445; x_wconf 72' lang='lat' dir='ltr'><strong>b.</strong></span> <span class='ocrx_word' id='word_1_322' title='bbox 187 4377 239 4448; x_wconf 78' lang='lat' dir='ltr'><strong>G·</strong></span> <span class='ocrx_word' id='word_1_323' title='bbox 266 4377 545 4464; x_wconf 79' lang='lat' dir='ltr'><strong>Byzantinus</strong></span> <span class='ocrx_word' id='word_1_324' title='bbox 573 4377 649 4444; x_wconf 83' lang='lat' dir='ltr'><strong>Mill.</strong></span> <span class='ocrx_word' id='word_1_325' title='bbox 671 4375 755 4446; x_wconf 82' lang='lat' dir='ltr'><strong>Dici.</strong></span> <span class='ocrx_word' id='word_1_326' title='bbox 776 4376 833 4444; x_wconf 87' lang='lat'><em>111.</em></span> <span class='ocrx_word' id='word_1_327' title='bbox 854 4411 896 4427; x_wconf 89' lang='lat'>-</span> <span class='ocrx_word' id='word_1_328' title='bbox 914 4375 987 4444; x_wconf 88' lang='lat' dir='ltr'><strong>Bet.</strong></span> <span class='ocrx_word' id='word_1_329' title='bbox 1008 4375 1087 4460; x_wconf 86' lang='lat' dir='ltr'><strong>Mag.</strong></span> <span class='ocrx_word' id='word_1_330' title='bbox 1109 4377 1172 4444; x_wconf 88' lang='lat' dir='ltr'><strong>tab.</strong></span> <span class='ocrx_word' id='word_1_331' title='bbox 1193 4377 1271 4456; x_wconf 77' lang='lat'>874)</span> <span class='ocrx_word' id='word_1_332' title='bbox 1291 4374 1378 4443; x_wconf 79' lang='lat' dir='ltr'><strong>tanti·</strong></span> 
     </span>
     <span class='ocr_line' id='line_1_41' title="bbox 96 4465 1378 4552; baseline -0.007 -15"><span class='ocrx_word' id='word_1_333' title='bbox 96 4481 207 4537; x_wconf 72' lang='lat' dir='ltr'><strong>atmm</strong></span> <span class='ocrx_word' id='word_1_334' title='bbox 228 4469 422 4537; x_wconf 90' lang='lat' dir='ltr'><strong>radicalium</strong></span> <span class='ocrx_word' id='word_1_335' title='bbox 439 4467 534 4536; x_wconf 85' lang='lat' dir='ltr'><strong>fibris</strong></span> <span class='ocrx_word' id='word_1_336' title='bbox 562 4467 720 4535; x_wconf 90' lang='lat' dir='ltr'><strong>tenuibus</strong></span> <span class='ocrx_word' id='word_1_337' title='bbox 744 4467 926 4552; x_wconf 87' lang='lat' dir='ltr'><strong>parallelis,</strong></span> <span class='ocrx_word' id='word_1_338' title='bbox 942 4467 1015 4534; x_wconf 87' lang='lat' dir='ltr'><strong>lotis</strong></span> <span class='ocrx_word' id='word_1_339' title='bbox 1042 4465 1129 4546; x_wconf 82' lang='lat' dir='ltr'><strong>latis,</strong></span> <span class='ocrx_word' id='word_1_340' title='bbox 1148 4466 1242 4533; x_wconf 90' lang='lat' dir='ltr'><strong>caule</strong></span> <span class='ocrx_word' id='word_1_341' title='bbox 1268 4465 1378 4532; x_wconf 88' lang='lat' dir='ltr'><strong>valido</strong></span> 
     </span>
    </p>
   </div>
   <div class='ocr_carea' id='block_1_14' title="bbox 0 0 1600 5092">
    <p class='ocr_par' dir='ltr' id='par_1_16' title="bbox 0 0 1600 5092">
     <span class='ocr_line' id='line_1_42' title="bbox 0 0 1600 5092; baseline 0 0"><span class='ocrx_word' id='word_1_342' title='bbox 0 0 1600 5092; x_wconf 95' lang='lat' dir='ltr'><strong> </strong></span> 
     </span>
    </p>
   </div>
  </div>
 </body>
</html>
